3468 5390
726 448 764 457 -
793 415 902 492 755-

172 571 380 668 intcllegitur:
406 579 453 638 est
476 579 585 640 autem
608 576 646 642 τὸ
670 575 841 650 δαπάνημα
859 574 911 672 Ιεἰς
934 576 992 654 τὰς
1009 578 1099 656 ναῦς,
1116 583 1152 638 ut
1168 581 1256 638 recte
1272 573 1456 666 Brnpckius

171 679 265 744 vidit.
289 679 411 754 Durius
436 682 496 744 hcc
521 687 578 756 est,
602 679 716 758 lateam
741 681 855 751 sedin
880 681 1058 755 cottidiano
1081 683 1288 766 simplicique
1308 699 1457 746 sermone

170 787 254 850 nihil
279 787 467 859 offensionis
485 790 596 860 habet:
619 809 696 854 nam
718 808 828 855 seusus
851 787 1007 857 facillime
1038 789 1201 875 intellegit
1203 807 1249 852 ur:
1286 807 1324 852 ac
1358 806 1458 870 saepe

173 894 236 974 ipsi
259 894 438 977 loquentes
453 895 534 986 talia
555 895 660 1008 admit
647 897 767 975 ttiprus.
789 893 862 977 lam
885 915 963 961 vero
983 896 1154 979 redeamus
1160 895 1221 1001 ι,οιβ
1239 896 1456 998 propesitum.

216 999 279 1066 Aa.
306 1000 452 1084 508(οοι
453 982 585 1083 .)ὥστ’
604 1001 644 1067 εἴ
655 1022 701 1079 τις
726 1003 776 1064 καὶ
801 1002 1033 1080 βασιλεύοιμ-
1045 1004 1177 1079 ἐπὶτιβν
1194 1003 1457 1086 σκήτρρωνέκέι-

171 1106 239 1184 θητ
260 1103 357 1184 ὄρνις,
383 1109 451 1189 qui
461 1108 552 1184 lucus
583 1109 705 1200 cptime
741 1109 780 1173 iis
815 1110 938 1192 opponi
971 1119 1029 1217 pot
1017 1082 1087 1184 test,
1123 1110 1181 1190 qui
1218 1108 1459 1198 condicionales

170 1214 348 1279 sententias
370 1215 540 1294 iterativas
563 1216 629 1300 fara
652 1234 712 1298 pap
736 1206 979 1306 temporalibus
994 1217 1124 1305 habente
1140 1235 1216 1300 nam
1233 1217 1316 1280 hacc
1332 1221 1458 1280 senten·

172 1322 220 1385 tia
242 1320 488 1399 condicionalis,
512 1323 668 1414 utaliac,
692 1341 777 1403 quae
800 1322 974 1417 locutione.
989 1323 1018 1388 εἴ
1039 1344 1085 1399 τις
1110 1322 1280 1397 ducuntur.
1305 1323 1371 1388 sere
1388 1342 1460 1386 sen·

172 1429 294 1492 tentiae
317 1429 477 1515 relativae
499 1429 553 1492 vel
577 1430 678 1495 etiam
700 1431 896 1514 substantivi
918 1430 996 1512 vica,
1015 1431 1166 1519 fungitur.

214 1531 252 1595 L.
281 1536 364 1596 1236
389 1535 415 1598 εἰ
439 1537 495 1612 μέν
518 1537 555 1610 γέ
578 1556 624 1612 τις
647 1538 719 1617 ᾄδοι
742 1535 1005 1613 Τελαμῶνος-
1018 1537 1219 1629 ἐπῃνέσαμεν
1244 1536 1294 1602 ἄν.

218 1701 439 1766 Conceeslcnm
464 1705 667 1774 enuntiatum
689 1705 922 1788 habemusin.
968 1770 971 1780 ,
1142 1764 1145 1783 ,

191 1808 258 1885 Ν
284 1810 347 1872 965
372 1810 453 1894 (an.)
478 1811 595 1882 ἔδει-,-
609 1811 801 1890 βαδίζειν-
756 1832 890 1890 τους
906 1833 1054 1893 κοιμητας
1070 1832 1222 1891 γυμνρυς
1239 1832 1283 1879 κει
1275 1810 1458 1888 κριμνωδη

171 1917 353 2020 κατανίφοι
453 1969 480 2008 .,..
930 1974 933 1985 .
962 1975 985 1995 .,

563 2025 733 2105 Αυιιολ
744 2044 792 2110 us
828 2044 887 2106 op¹
896 1992 1062 2096 tatiui.
1120 2088 1125 2097 ,

217 2187 256 2249 Δ.
283 2186 348 2246 520
372 2185 400 2248 εἴ
421 2203 486 2249 που
511 2186 624 2248 σίκυον
647 2185 757 2260 ἴδοιεν,
770 2161 915 2247 -ταῦ5
936 2180 980 2260 ἦν
1001 2179 1341 2261 μεγάριιέά“κάιτέπρατ’
1360 2183 1459 2274 αὐβη-

176 2293 282 2370 μερόν.
310 2289 372 2356 639
391 2289 473 2375 (οτι.)
490 2291 520 2356 εἴ
530 2327 575 2340 —-
585 2287 632 2369 τις
644 2327 688 2338 -
701 2289 836 2368 λιπαράς
852 2293 1016 2355 καλέσειεν
1032 2287 1176 2368 Ἀθήνας,
1192 2284 1313 2369 ηὕρετο
1325 2277 1392 2357 πᾶν
1408 2291 1458 2355 ἄν.

216 2397 254 2463 n.
281 2401 346 2462 423
371 2401 458 2480 (latr.
482 2397 598 2480 lamb.)
622 2395 780 2464 εἰ-ἲδοι
804 2419 861 2476 τις,
874 2398 1008 2475 -τοιλς
1043 2395 1144 2474 θεοὺς
1171 2393 1335 2476 ἀπώμνυν
1371 2397 1460 2479 qnod

184 2513 263 2572 recte
286 2527 308 2569 a
332 2508 401 2570 Ben
404 2507 481 2570 tlaiu
505 2501 689 2569 restitutam
713 2512 761 2568 'cst
782 2521 843 2587 pro
867 2505 1043 2583 ἀπώμνυον
1067 2503 1228 2581 codicum,
1245 2505 1284 2569 de
1302 2525 1365 2586 quo
1383 2503 1460 2568 vida

182 2607 442 2678 Ruthersordlum
467 2613 509 2676 ad
533 2607 747 2702 Babridmp'.
768 2612 825 2676 53.
850 2607 1145 2677 cluanensis
1169 2612 1202 2695 pi
1230 2607 1302 2675 153.

217 2719 350 2796 strar
352 2708 517 2800 .)εἰ-π
518 2714 630 2781 έσοιεν
649 2717 694 2795 εἰς
714 2721 775 2781 τὸν
798 2717 955 2795 ὼμάν,-
966 2715 1053 2782 τοῦτ
1079 2717 1283 2796 ἀπεψήσαντ
1308 2717 1357 2782 άν.

216 2823 258 2887 Ν.
284 2823 422 2907 aruum
424 2825 670 2906 .)εἴ-τις-
684 2826 955 2904 βωμολοχεύσαιτ’
970 2827 989 2902 ἢ
1010 2827 1163 2903 κάμψειέν
1178 2844 1247 2891 τινα
1261 2827 1459 2902 καμπήν,-

173 2932 363 3010 έπετρίβετο.
391 2935 476 2995 1382
509 2933 596 3014 (tctr.
632 2929 748 3012 iamb.)
784 2931 810 2994 εἰ
843 2933 900 3008 μέν
934 2953 969 3008 γε
1006 2935 1084 3010 βρῦν
1120 2931 1341 3008 εἴποις-ἂν
1375 2935 1459 2996 πιεῖν

174 3041 324 3119 ἐπέσχον.
370 3055 373 3064 ’
425 3049 431 3058 ’
497 3036 500 3051 “
1024 3064 1027 3070 ·

216 3147 255 3211 P.
281 3145 414 3210 ain-e
437 3145 463 3210 εἰ
487 3147 543 3222 μέν
567 3147 598 3209 oi
621 3145 798 3211 Λακωνικοὶ
822 3138 1060 3224 ὑπερβάλοιντο
1078 3147 1200 3223 μικρόν,
1218 3143 1330 3221 έλεγον
1348 3145 1459 3210 ἄν’-

174 3253 200 3316 εἰ
222 3254 252 3318 δ’
277 3251 318 3317 αὖ
340 3275 369 3318 τι
391 3254 535 3330 πράξαιτ’
559 3253 683 3328 ἀγαθὸν
706 3253 912 3327 ἁττικωνικοί,
938 3251 1085 3316 κάλ’βοιεν
1099 3251 1138 3315 ὀἱ
1161 3253 1313 3330 Λάκωνες
1329 3253 1457 3330 εἰρήνης

172 3363 256 3439 πέρι,
279 3361 396 3436 ἐλέγετ’
421 3361 460 3425 ἂν
484 3363 573 3438 ὑμεῖς
598 3361 787 3438 εὐθύς,ἰιλ)ἰ
808 3359 951 3438 πράξαιτ’
976 3376 1036 3441 prc
1059 3359 1221 3437 πράξαντ’
1252 3367 1339 3422 recte
1362 3377 1457 3442 repo-

174 3470 282 3554 situm*
295 3473 352 3545 est,
377 3469 456 3549 quia
480 3473 511 3530 et
535 3465 678 3531 secunda
701 3487 841 3550 persona
855 3467 949 3530 verbi
965 3485 1058 3530 sensu
1073 3467 1251 3546 requiritur
1266 3475 1298 3529 et
1313 3464 1456 3529 medium

176 3577 207 3638 in
231 3575 290 3638 tali
314 3575 478 3638 locutione
502 3575 666 3638 sulc'ecum
691 3579 748 3652 est;
769 3575 847 3637 item
872 3571 942 3637 ve'ri
966 3573 1071 3637 simile
1095 3579 1152 3648 cst,
1179 3589 1378 3654 quamquam
1401 3591 1456 3635 ne-

174 3683 439 3746 cessarium-non
463 3689 520 3759 eat·
545 3679 740 3746 άττικωνικοί
761 3701 821 3764 pro
847 3681 912 3745 ἀττ.
938 3687 979 3744 ex'
1001 3681 1161 3764 Krucgeri
1185 3697 1232 3763 gr.
1258 3681 1311 3756 50,
1347 3681 1377 3756 3,
1416 3683 1456 3743 13

174 3795 207 3852 et
235 3791 273 3850 15
297 3789 350 3870 (cf.
376 3787 699 3880 etiam'Bachmann.
724 3787 816 3853 Cani.
840 3809 874 3869 p.
898 3792 940 3851 43
963 3807 1010 3868 sq.
1035 3787 1156 3851 Faller.
1191 3805 1223 3869 p.
1262 3787 1302 3847 33
1333 3797 1364 3850 ct
1388 3783 1455 3871 ⁶⁷l³

174 3917 249 3960 nam
274 3896 333 3958 etsi
357 3913 485 3973 nornen,
508 3897 692 3978 pronomini
715 3896 879 3978 personali
900 3895 1095 3979 appositum,
1112 3894 1248 3957 articulo
1264 3893 1456 3975 plerumque

176 4011 309 4066 ornatur
331 4001 385 4086 ’(ιιλ
406 4004 451 4066 'Aa
474 4002 536 4066 339
560 4008 629 4080 τοῖς
654 4003 887 4082 Ἀχαρνικοῖσιν
909 4003 1009 4085 ἡμῖν),
1045 4010 1153 4065 tamen
1177 4005 1224 4064 est
1259 3999 1315 4062 ubi
1339 4019 1377 4062 eu
1402 4017 1457 4062 ca·

175 4117 246 4174 reat
270 4111 320 4192 (ut
343 4109 378 4172 L.
404 4112 467 4174 760
492 4112 611 4186 ἐγὼ-
625 4109 780 4192 τάλαινα),
806 4117 904 4190 atque
927 4110 1077 4172 universe
1112 4109 1144 4168 in
1179 4123 1312 4170 nurnero
1335 4105 1456 4188 plurali

175 4219 342 4280 nominum
365 4217 605 4299 gentiliciumm
629 4217 783 4280 articulus
806 4215 904 4278 mado
929 4214 1060 4280 additur
1082 4213 1178 4276 modo
1204 4233 1269 4276 non
1293 4212 1432 4278 additur.

222 4326 285 4386 6ῖῖ
310 4325 477 4389 εἴ-ποτ’
501 4325 622 4388 ἐξέλθοι
644 4328 853 4402 στρατιώτης,
878 4322 999 4400 εὐθέως
1022 4323 1254 4399 ἀποβολιμαῖος
1265 4328 1331 4384 τῶν
1346 4321 1455 4384 ὅπλων

178 4431 330 4506 ἐγίγνετο.

222 4537 284 4598 Av.
312 4537 396 4597 1490
421 4534 510 4618 (lyr.)
535 4535 616 4600 εἰ-
630 4534 752 4613 ἐντύχοι
774 4534 1041 4616 τις-Ὀρέστῃ,
1063 4536 1183 4612 γυμνὸς
1203 4532 1252 4609 ἦν.
