3466 5406
812 490 996 550 ..15..

306 653 490 718 Secundum
511 671 632 735 genera
656 649 884 713 condicionum
920 651 953 709 et
988 651 1135 728 tempora
1169 645 1370 708 coniunctivi
1404 645 1460 706 hic
1487 663 1548 706 nu·-

260 781 368 824 merus
388 761 436 822 ita
459 757 626 822 dividitur:

878 1016 1022 1072 Praesens.
1048 1016 1191 1072 Aoristus.
1225 979 1365 1105 Prnget
1409 1011 1529 1068 Summa.

300 2144 349 2210 De
372 2146 568 2210 corciunctico
592 2146 676 2210 nudo
700 2150 819 2210 etcum
836 2145 1066 2228 particulatio
1090 2148 1206 2212 iuncto.
1231 2148 1342 2211 Solent
1377 2148 1440 2209 hae
1472 2164 1546 2207 sen-

255 2255 387 2331 tentiae,
411 2259 568 2337 utsupra
592 2253 669 2330 dixi,
695 2253 783 2336 apud
806 2254 1060 2336 Aristophanem
1086 2260 1118 2317 et
1132 2274 1250 2336 prosae
1267 2254 1424 2317 orationis
1440 2254 1544 2335 scrip·

256 2365 340 2422 tores
363 2379 428 2422 non
451 2360 519 2422 solo
545 2361 752 2423 coniunctivo
778 2363 951 2439 enuntiari,
973 2362 1030 2425 sed
1055 2361 1185 2424 adiecta
1206 2361 1371 2443 particula
1387 2361 1436 2424 ἄν.
1453 2358 1542 2422 Num

257 2485 332 2529 vero
357 2484 500 2546 unquam
523 2466 758 2548 Aristophanes
782 2469 815 2529 in
839 2468 1025 2531 huiusmodi
1049 2469 1216 2532 sententiis
1231 2469 1318 2532 nudo
1333 2469 1543 2531 coniunctivo

258 2593 333 2635 usus
356 2575 407 2649 sit,
432 2593 551 2656 magna
574 2576 722 2654 quaestio
759 2581 815 2639 est.
851 2575 936 2637 Nam
972 2577 1032 2638 etsi
1066 2577 1100 2637 in
1135 2576 1227 2638 libris
1263 2576 1381 2658 legitur
1418 2577 1442 2639 εἰ
1468 2593 1542 2637 cum

258 2682 476 2758 coniunctim,
498 2687 606 2745 tamen
629 2682 693 2745 loci
729 2688 760 2745 et
783 2685 954 2765 pauciores
990 2688 1063 2746 sunt
1095 2690 1127 2746 et
1161 2684 1289 2746 facilius
1318 2682 1542 2758 emendantur,

257 2808 355 2870 quam
379 2793 415 2851 ut
438 2789 616 2870 quidquam
640 2791 720 2852 corti
745 2790 895 2852 concludi
918 2792 1029 2873 possit.
1057 2790 1208 2870 Namque
1225 2793 1259 2853 in
1276 2792 1315 2852 iis
1333 2791 1541 2870 editionibus

256 2896 373 2977 quibus
397 2917 471 2958 usus
495 2916 575 2972 sum,
601 2896 731 2958 omnino
756 2901 879 2977 septem
903 2897 1053 2978 exempla
1076 2898 1172 2959 huius
1197 2898 1443 2960 constructionis
1467 2917 1542 2980 rep-

254 3005 335 3085 peri:
361 3003 399 3064 E.
424 3005 610 3066 oea-700.
635 3003 672 3065 P.
694 2994 769 3065 450.
794 3003 835 3065 1„
857 3005 1043 3067 nac-581.
1069 3003 1121 3064 Fr.
1148 3005 1223 3066 201.
1250 3000 1397 3082 Quorum
1421 3004 1539 3066 desin-

255 3111 339 3192 gulis
357 3111 439 3173 haec
463 3112 545 3172 mihi
568 3111 706 3174 dicenda
730 3109 891 3174 videntur:

298 3237 336 3299 Ε.
364 3237 550 3299 cea-700.
575 3237 699 3314 Παφ.;
726 3237 765 3300 οὔ
789 3257 837 3300 τοι
861 3238 903 3313 μὰ
927 3237 984 3312 τὴν
1008 3236 1165 3314 Δήμητρά
1189 3235 1229 3314 γ’,
1255 3237 1281 3300 εἰ
1298 3238 1338 3314 μή
1357 3233 1388 3300 σ’
1406 3238 1540 3315 ἐκφάγω

255 3346 289 3407 ἐκ
311 3347 412 3418 τῆσδε
435 3347 491 3420 τῆς
513 3347 582 3420 γῆς,
608 3342 764 3407 οὐδέποτε
790 3343 957 3419 βιώσομαι.
985 3338 1103 3406 'ntur
1128 3342 1154 3406 εἰ
1182 3344 1222 3420 μὴ
1250 3343 1386 3423 ’κφάγῃς
1415 3340 1455 3419 μ’;
1474 3343 1539 3416 ἐγὼ

253 3557 352 3620 ceteri
375 3561 499 3636 septem
523 3555 662 3632 codices,
688 3574 769 3636 quos
792 3556 847 3618 ille
872 3556 1018 3631 contulit,
1053 3558 1213 3638 praebent
1247 3557 1281 3618 iu
1315 3577 1347 3618 u.
1374 3558 1437 3618 698
1469 3557 1538 3634 Δή-

252 3663 340 3741 μητρ’
363 3664 420 3727 ἐὰν
446 3663 492 3745 (et
513 3663 689 3740 Δήμητραν
713 3665 770 3726 ἐὰν
795 3663 853 3745 M),
879 3664 912 3724 in
936 3683 966 3727 v.
994 3665 1059 3725 ’100
1084 3663 1133 3740 ἤν.
1162 3663 1226 3726 Sed
1250 3663 1454 3726 Ravennatis
1470 3663 1534 3726 lec-

253 3774 297 3834 tio
322 3774 354 3833 in
378 3791 409 3832 V.
436 3772 499 3832 698
524 3791 588 3832 non
611 3769 715 3832 libera
740 3776 786 3832 est
810 3771 993 3852 suspicione
1017 3770 1071 3832 vel
1096 3772 1136 3833 ob
1163 3769 1308 3832 additam
1333 3769 1367 3854 qe
1392 3770 1537 3850 particu-

251 3880 325 3942 lam:
350 3899 426 3940 nam
451 3884 543 3960 „post
567 3879 799 3955 iusiurandum,
824 3881 930 3958 inquit
952 3879 1126 3955 Porsonus‚
1152 3878 1265 3958 qualia
1288 3884 1361 3939 sunt
1391 3881 1430 3953 νὴ
1461 3877 1536 3954 Δία,

250 3990 288 4065 νή
312 3988 369 4050 τὸν
392 3986 465 4058 Δία,
493 3988 535 4062 ud
558 3985 632 4062 Δία,
657 3984 696 4047 οὐ
722 3988 764 4061 μὰ
786 3986 861 4061 Δία,
886 3987 924 4062 νὴ
949 3988 1006 4049 τὸν
1031 3981 1179 4049 Ἀπόλλω
1213 3989 1244 4047 et
1287 3989 1395 4046 cetera
1440 3986 1537 4046 huius

249 4094 348 4171 modi,
373 4110 551 4172 numquam
574 4093 719 4172 sequitur
742 4091 905 4173 particula
927 4094 974 4170 γέ,
1009 4093 1070 4154 nisi
1098 4092 1163 4154 alio
1204 4091 1366 4154 vocabulo
1391 4092 1534 4173 interpo-

283 4395 297 4427 *
317 4393 504 4449 Differentiae
525 4409 709 4448 numerorum
729 4395 794 4462 (414
814 4401 842 4447 et
854 4395 919 4463 103)
940 4408 973 4448 εει
986 4379 1080 4448 'causa
1100 4401 1150 4461 est,
1165 4392 1240 4461 quod
1256 4396 1287 4446 11
1304 4391 1375 4446 locis
1389 4392 1536 4460 particula

248 4482 453 4538 condicionalis
474 4485 533 4538 sine
555 4484 640 4538 uerbo
661 4481 774 4550 legitur:
794 4483 825 4536 E.
846 4485 907 4539 996.
927 4482 961 4536 N.
980 4485 1041 4537 885.
1063 4483 1096 4537 V.
1117 4485 1177 4537 030.
1197 4483 1228 4536 L.
1250 4484 1311 4547 251;
1342 4481 1375 4535 V.
1403 4482 1463 4536 489.
1484 4485 1535 4536 Ar.

245 4571 306 4626 988.
327 4573 358 4626 L.
381 4576 441 4629 939.
467 4576 542 4628 1036.
565 4574 613 4627 Ec.
634 4575 694 4628 981.
714 4574 790 4627 1097.
811 4571 853 4625 Pl.
874 4573 934 4625 638.
