3466 5406
731 469 888 529 ,7-

227 633 260 716 3)
286 633 444 696 diutinam
469 635 641 709 actionem,
666 632 722 696 sed
748 634 839 694 cuius
864 633 1084 695 diuturnitatis
1107 631 1198 694 nulla
1230 633 1314 694 ratio
1341 632 1464 694 habea-

180 747 241 822 tur,
266 761 337 804 cum
362 740 397 802 id
418 745 541 802 tantum
565 741 785 822 praedicetur,
809 758 880 802 eam
903 741 971 801 iam
995 739 1037 802 ad
1065 741 1161 802 tinem
1176 739 1368 821 perductam
1384 757 1463 815 essc;

178 853 322 929 itemque
347 849 508 911 actionem
531 849 704 928 repetitam
728 847 981 910 non-diutinam.

228 953 455 1020 Conium-tinus
473 953 655 1034 proesentis
679 953 811 1017 easdem
846 955 947 1017 habet
971 955 1234 1036 significationes,
1260 973 1340 1035 quas
1364 955 1464 1017 ceteri

180 1063 249 1126 eins
272 1061 362 1124 modi
385 1067 417 1123 et
441 1061 665 1143 imperiectum
689 1059 872 1123 indicativi:
896 1065 1004 1142 potest
1027 1063 1112 1124 enirn
1136 1061 1294 1124 indicare:

224 1165 258 1248 1)
285 1169 442 1231 diutinam
466 1168 520 1230 vel
543 1170 717 1250 repetitam
754 1169 926 1242 actionem,
953 1188 1025 1232 curn
1054 1169 1124 1231 eius
1152 1168 1375 1231 diuturnitatis
1409 1167 1463 1230 vel

178 1277 381 1358 repetitionis
404 1277 488 1338 ratio
511 1277 660 1352 habetur3

224 1385 256 1462 2)
280 1389 431 1445 conatum
456 1383 581 1463 aliquid
606 1383 746 1446 faciendi
771 1391 837 1459 aut,
863 1385 890 1446 si
914 1375 1074 1447 sententia
1097 1385 1251 1465 negativa
1277 1389 1333 1466 est,
1363 1383 1463 1446 decli-

178 1491 354 1552 nationem.

221 1596 306 1659 Hinc
331 1602 479 1678 apparet,
504 1598 665 1661 actionem
690 1597 859 1661 durantem
884 1597 937 1660 vel
960 1599 1135 1680 repetitam
1158 1617 1256 1680 saepe
1291 1602 1322 1659 et
1357 1595 1464 1659 modis

177 1705 299 1786 speciei
324 1703 469 1768 diutinae
493 1712 525 1767 et
547 1705 775 1768 non-diutinae
800 1706 938 1787 exprimi
961 1705 1230 1786 possederimus
1246 1720 1365 1780 tamen,
1385 1704 1464 1784 quia

178 1814 341 1874 actionem
366 1811 407 1875 ad
432 1813 529 1876 finem
550 1813 725 1876 adductam
750 1801 921 1894 significat,
948 1817 1014 1874 tum
1048 1815 1114 1876 fere
1148 1814 1288 1894 ponitur,
1327 1831 1399 1873 cum
1424 1811 1463 1874 de

178 1925 266 1982 certa
286 1919 398 2000 aliqua
422 1924 454 1983 et
479 1921 612 1984 definita
635 1922 704 1983 sive
738 1940 841 2003 sensu,
877 1923 946 1983 sive
982 1921 1082 1983 etiarn
1116 1920 1251 1983 adiectis
1279 1920 1390 1982 verbis
1426 1938 1463 1981 re

179 2029 294 2110 agium,
321 2034 378 2090 aut
401 2031 528 2108 quoties
552 2031 694 2111 repetita
719 2030 760 2091 sit
797 2029 950 2092 aoristica
985 2029 1070 2090 actio
1107 2028 1271 2091 indicatur
1292 2029 1318 2102 *;
1350 2045 1462 2107 quare,

180 2137 233 2198 nbi
259 2136 299 2199 de
325 2135 557 2199 consuetudine
580 2155 713 2199 morere
738 2138 855 2218 agitur,
882 2155 962 2216 opus
986 2141 1034 2197 est
1057 2137 1246 2217 imperfecto
1263 2135 1464 2216 praesentis-

184 2261 243 2322 que
268 2244 383 2307 modis:
409 2245 520 2324 itaque
545 2248 633 2306 recte
656 2244 691 2305 in
726 2245 777 2305 his
808 2245 945 2306 aoristus
974 2241 1039 2304 dici
1076 2247 1193 2324 potest:
1226 2237 1463 2320 Ἀριστοφάνης

143 2353 148 2360 “
186 2351 304 2425 ἔγραψε
331 2350 475 2428 δράματα
499 2349 731 2426 τετταράκοντα
754 2350 897 2425 τέτταρα,
923 2349 1012 2425 >trop
1047 2349 1245 2424 πεντήκοντα
1274 2347 1328 2422 ἔτη
1359 2347 1466 2426 ἐβασί-

187 2459 271 2519 λευσε
298 2455 366 2538 (vel
391 2457 571 2536 ἐβασίλευε)
595 2461 660 2520 τῶν
684 2456 872 2532 Αἰγυπτίων,
897 2456 944 2532 δὶς
965 2454 1055 2536 (τρὶς,
1073 2456 1240 2533 πολλάκις)
1256 2455 1375 2518 ταύτὸν
1387 2451 1464 2526 εἶπε,

189 2561 238 2623 sed
258 2564 449 2645 imperfecto
474 2565 521 2625 uti
545 2581 677 2626 necesse
702 2567 750 2624 est
772 2564 807 2624 in
829 2563 890 2624 his:
914 2557 982 2636 Ἀρ.
1007 2565 1058 2626 διά
1075 2565 1197 2640 παντὸς
1214 2565 1270 2626 τοῦ
1289 2563 1358 2640 βίον
1372 2562 1463 2639 ἔγρα·

188 2689 225 2746 φε
247 2672 403 2746 δράματα,
427 2670 462 2732 Χ.
487 2670 653 2746 ἐβασίλευε
676 2673 742 2732 τῶν
766 2668 844 2746 Αἰγ.,
869 2668 917 2732 ἀεὶ
940 2667 1059 2732 ταύτὸν
1084 2668 1181 2742 ἔλεγε.
1206 2667 1271 2730 Sed
1294 2668 1403 2729 multis
1415 2667 1464 2730 lo·

182 2777 225 2838 cis
248 2781 421 2856 utrumqne
447 2795 551 2856 aeque
574 2780 698 2838 rectum
725 2777 897 2850 astutia
922 2773 1071 2856 exemplo
1096 2776 1195 2852 Χὲοψ;
1230 2793 1306 2836 nam
1337 2775 1464 2838 diutina

179 2885 286 2963 Specie
311 2884 448 2946 actionis
471 2883 653 2965 particulae
679 2889 833 2962 tanquam
857 2883 891 2943 in
913 2881 1001 2943 linea
1032 2881 1210 2963 dispositae
1228 2882 1463 2958 describuntur,

176 2991 280 3052 altera
303 2992 412 3072 specie
437 2992 530 3072 quasi
552 2991 587 3051 in
610 3010 709 3051 unum
740 2995 926 3052 contractae
960 2993 1254 3070 repraesentantur.
1284 2989 1463 3051 Praeterea

171 3103 245 3159 sunt
268 3099 380 3173 verba,
406 3117 491 3178 quae
514 3103 622 3158 utrum
645 3098 679 3158 in
704 3096 830 3160 diutina
854 3098 962 3178 specie
988 3115 1029 3158 an
1054 3098 1087 3158 in
1123 3097 1243 3158 aoristo
1281 3114 1384 3177 ponas
1408 3097 1458 3157 in-

172 3203 302 3266 terdurn
324 3224 441 3286 parum
464 3205 570 3278 refert,
596 3209 633 3265 ut
656 3205 805 3268 ἐκέλευον
827 3209 859 3267 et
882 3205 1047 3280 ἐκέλευσα,
1073 3204 1217 3281 ἐνόμιζον
1254 3209 1284 3266 et
1316 3203 1462 3299 titutum

173 3329 313 3390 quorum
339 3311 405 3373 alia
428 3314 484 3385 sic,
510 3311 577 3373 alia
601 3330 692 3374 secus
715 3313 845 3394 saepius
870 3311 958 3374 dicta
982 3313 1137 3393 reperias.

218 3434 284 3498 Sed
317 3455 389 3498 cum
423 3435 623 3516 temporalem
657 3437 817 3498 rationem
851 3434 1021 3518 pendentis
1059 3437 1217 3498 enuntiati
1254 3443 1284 3498 et
1314 3439 1464 3518 primarii

171 3543 355 3620 considero,
379 3546 461 3606 haec
486 3544 525 3607 de
551 3545 831 3606 coniunctivorum
856 3565 913 3605 usu
938 3542 1111 3605 statuenda
1127 3548 1217 3624 pute.
1240 3543 1278 3604 ln
1294 3546 1461 3606 sententiis

171 3650 466 3729 conditionalibus,
502 3652 660 3728 relativis,
700 3651 944 3733 temporalibus,
985 3669 1071 3731 quae
1111 3670 1131 3711 a
1166 3652 1461 3728 coniunctionibus,

171 3759 292 3840 ποιιῐτιιι
324 3757 580 3838 significantibus
605 3756 775 3833 ducuntur,
801 3758 886 3819 aetio
912 3756 993 3818 solet
1019 3761 1073 3817 aut
1100 3755 1293 3820 antecedere
1319 3763 1464 3838 tempore

168 3862 374 3943 primariam,
400 3868 456 3925 aut·
480 3865 510 3925 ei
535 3871 809 3946 contemporanea
831 3884 899 3926 esse
919 3865 1079 3946 (exceptis
1095 3884 1157 3926 nou
1176 3865 1222 3925 ita
1244 3864 1354 3926 multis
1370 3863 1463 3940 locis,

167 3969 228 4030 ubi
255 3969 340 4029 actio
364 3968 508 4050 pendens
532 3977 696 4052 regentem
722 3970 892 4053 sequitur).

167 4135 492 4150 a*

208 4233 223 4264 *
244 4232 297 4286 Est
315 4242 416 4302 tamen,
441 4235 489 4288 ubi
509 4235 619 4289 aoristo
648 4234 760 4290 diutina
788 4234 863 4290 actio
897 4235 1025 4290 incertae.
1057 4233 1243 4303 longitudinis
1277 4233 1465 4304 significetur,

167 4320 251 4390 qnod
271 4321 350 4377 nullo
369 4323 429 4378 iere
447 4339 547 4378 sensus
566 4323 728 4379 discrimine
749 4323 894 4394 praesenti
916 4340 1028 4392 quoque
1049 4324 1173 4393 exprimi
1191 4330 1295 4392 potest;
1325 4324 1373 4391 qui
1394 4340 1462 4380 usus

166 4410 274 4466 aoristi
294 4413 400 4467 nostris
419 4412 525 4480 verbis,
545 4429 608 4468 cum
628 4412 773 4481 particula
791 4431 828 4467 aa
849 4413 1016 4482 compositis
1035 4413 1292 4482 respondeantur
1315 4412 1390 4481 apud
1404 4415 1461 4468 An:

167 4499 223 4554 ἐὰν
243 4500 361 4568 {unnim
379 4504 413 4556 Α.
432 4504 484 4555 277
506 4505 680 4572 ,ucusens“,
709 4503 733 4556 εἰ
763 4503 896 4571 διατρίψῃ
926 4505 960 4560 Ε.
990 4507 1043 4558 805
1073 4507 1269 4573 πιιοιιτιετιά,
1296 4504 1346 4560 ἐάν
1373 4507 1462 4566 σιγῶν

165 4591 279 4655 ἀνάσχῃ
300 4589 331 4642 V.
351 4593 402 4644 tlt
422 4593 582 4661 ,nooyserns
601 4595 718 4658 uotua“,
736 4596 869 4656 χορεῦσαι
888 4593 917 4648 P.
939 4596 987 4647 tel
1011 4596 1208 4658 ,consterna
