3468 5390
823 440 975 502 ..ηιμ

311 599 347 661 V.
375 602 458 661 1297
491 605 656 678 arctoa-
671 601 727 664 κᾶν
764 601 782 682 ᾗ
807 602 922 677 γέρων,
946 603 1054 664 καλεῖν
1077 600 1207 675 δίκαιον,
1235 599 1326 676 ὅστις
1350 598 1390 661 ἂν
1415 599 1541 676 πληγὰς

266 707 357 788 λάβῃ.

310 813 345 875 L.
372 815 434 874 595
461 813 542 896 (an.)
567 815 625 877 κᾶν
650 816 668 892 ῇ
694 815 815 892 πολιός,
841 815 921 892 ταχὺ
945 816 1045 877 παῖδα
1068 811 1170 891 κόρην
1192 815 1379 890 γεγάμηκεν.

308 920 348 981 B..
375 922 436 982 381
463 920 551 1004 (lyr.)
576 923 594 998 ἣ
618 923 676 998 τὴν
699 922 810 999 χώραν
834 921 950 985 σώζειν
973 919 1171 998 φησί,-κᾶν
1196 921 1372 997 Θωρυκίων
1399 919 1440 997 μὴ
1467 915 1541 996 βού-

266 1033 365 1105 ληται.

607 1115 833 1180 Aoristus
871 1114 1187 1177 coniunctivi.
1275 1179 1278 1185 ,

307 1257 346 1319 In
369 1255 502 1336 apolloni
527 1261 575 1319 est
593 1275 749 1335 praesens
780 1255 849 1317 incl.

308 1365 349 1427 V.
375 1364 544 1455 691¹(an.)
570 1365 661 1442 φέρει
684 1365 721 1427 τὸ
745 1358 971 1440 συνηγορικόν,
996 1361 1055 1426 κᾶν
1078 1361 1217 1439 ὕστερος
1241 1362 1328 1444 ἔλθῃ.

478 1668 515 1735 Β.
538 1665 727 1734 Sententiae
750 1664 996 1734 condicionales
1020 1667 1160 1755 optativo
1184 1669 1341 1756 prolatae.

310 1842 458 1926 Optativi
482 1846 515 1907 in
544 1843 717 1907 enuntiatis
742 1841 1028 1917 condicionalibus,
1065 1845 1307 1926 temporalibus,
1339 1846 1546 1922 concessivis,

267 1953 415 2016 relativis
438 1954 532 2028 ratio,
559 1956 594 2013 nt
617 1969 715 2032 surpa
739 1951 815 2027 dixi,
846 1951 960 2014 eadem
985 1956 1033 2014 est
1056 1969 1140 2032 quac
1165 1953 1372 2015 coniunctivi.
1388 1953 1547 2018 Praesen-

265 2062 288 2122 ti
313 2061 398 2124 enim
424 2061 510 2124 actio
536 2058 663 2121 diutina
687 2059 890 2140 exprimitur,
916 2060 1035 2121 aoristo
1060 2059 1275 2122 non-diutina.
1300 2060 1434 2122 Diutina
1459 2064 1545 2124 actio

265 2166 456 2232 secundaria
479 2166 671 2248 plerumque
696 2170 969 2247 contemporanea
990 2171 1038 2229 est
1052 2167 1236 2250 primariae,
1254 2168 1461 2232 nou-diutina
1477 2170 1546 2253 ple-

265 2293 402 2356 rumque
423 2294 496 2337 eam
519 2273 681 2336 antecedit
705 2272 835 2356 (nempe
860 2274 1003 2356 exceptis
1032 2275 1069 2338 iis
1093 2275 1267 2354 sententiis
1293 2293 1376 2358 quae
1401 2297 1420 2338 a
1443 2279 1547 2360 parti-

268 2383 342 2445 cula
365 2383 428 2460 ἕως
454 2381 637 2463 ducuntur).
661 2379 895 2444 Verumtamen
918 2401 983 2443 non
1006 2401 1134 2464 semper
1157 2383 1205 2444 ita
1229 2384 1310 2461 lieri,
1335 2384 1460 2464 aliquot
1498 2385 1547 2448 lo·

267 2493 295 2554 ci
321 2491 513 2554 documento
550 2494 631 2552 sunt.
667 2489 764 2567 Nam,
795 2493 831 2552 ut
855 2490 1002 2552 omittam
1024 2487 1065 2549 N.
1092 2491 1154 2550 754
1179 2490 1205 2554 εἰ
1237 2491 1343 2568 μηκέτι
1367 2490 1545 2570 ἀνατέλλοι,

266 2598 386 2683 ubide
410 2597 581 2680 temporali
605 2616 690 2660 nexu
714 2617 754 2659 ne
780 2597 923 2678 cogitare
949 2596 1078 2677 quidem
1104 2595 1188 2672 lieet,
1223 2597 1256 2658 iu
1281 2596 1321 2658 R.
1350 2598 1412 2658 110
1437 2600 1547 2663 condi-

269 2707 318 2768 cio
344 2706 369 2770 et
394 2707 524 2784 δεοίμην
553 2703 711 2786 apodosin
734 2723 826 2766 suam
861 2705 952 2784 sequi
976 2702 1123 2784 putanda
1147 2707 1203 2764 est.
1229 2701 1351 2766 Contra
1373 2705 1406 2766 in
1426 2705 1464 2766 E.
1483 2709 1547 2769 606

270 2813 297 2878 εἰ
333 2814 460 2890 ἐξέρποι
499 2817 531 2875 et
563 2812 603 2874 Ε.
630 2814 715 2874 1350
740 2813 766 2876 εἰ
789 2812 933 2888 λεγοίτην
958 2811 1100 2872 actiones
1124 2809 1335 2874 secundariae
1358 2813 1548 2895 primariam

267 2938 397 2984 necesse
423 2909 471 2992 est
495 2907 698 2982 antecedant.

312 3027 422 3109 Atque
446 3028 564 3090 aoristo
589 3046 653 3089 non
677 3047 803 3110 semper
828 3029 911 3090 actio
938 3025 1038 3089 aliam
1064 3026 1257 3090 antecedens
1290 3029 1484 3090 enuntiatur.
1509 3030 1549 3092 In

267 3137 306 3198 Ε.
334 3138 418 3198 1657
444 3137 470 3200 εἰ
493 3137 667 3216 μαχέσαιτο
691 3140 723 3197 ct
745 3134 795 3198 Pl.
823 3137 886 3196 977
912 3136 1106 3216 sitandeins
1136 3154 1292 3218 perversa
1316 3141 1399 3198 esset
1422 3141 1548 3200 senten-

269 3245 322 3319 tia,
348 3245 373 3306 si
397 3244 468 3323 quis
490 3247 631 3325 putaret,
655 3245 739 3305 totas
762 3244 822 3306 has
848 3244 990 3306 actiones
1015 3245 1089 3306 ante
1126 3243 1228 3307 factas
1256 3262 1334 3320 esse,
1360 3260 1458 3323 quam
1481 3248 1548 3327 pri-

268 3351 391 3414 mariae
414 3351 541 3428 inirent,
566 3349 623 3413 sed
648 3351 759 3412 aoristi
781 3350 828 3413 illi
850 3370 910 3432 pro
935 3351 1130 3414 incohativis
1154 3350 1295 3413 habendi
1319 3357 1400 3414 sunt.
1418 3352 1501 3415 Item
1516 3355 1549 3415 in

268 3458 305 3520 P.
332 3459 406 3520 330.
432 3458 472 3521 R.
501 3460 595 3521 1158.
620 3459 670 3521 Pl.
697 3459 759 3520 329
786 3463 884 3542 atque
908 3459 1008 3521 etiam
1031 3457 1168 3522 fortasse
1190 3458 1224 3521 in
1246 3459 1296 3522 Pl.
1322 3461 1387 3521 466
1412 3465 1445 3523 et
1462 3463 1547 3522 1136

270 3565 413 3627 actiones
437 3565 503 3627 alia
527 3565 626 3628 aliam
659 3561 908 3648 amplectuntur.

314 3671 367 3735 De
389 3670 622 3753 sipiificatione
646 3677 675 3734 et
698 3692 769 3736 tisri.
794 3671 1032 3736 Sententiarum
1057 3671 1337 3750 condicionalium,
1356 3691 1440 3753 quae
1457 3678 1549 3756 opta·

269 3781 335 3842 tivo
372 3779 587 3856 enuntiantur,
623 3800 697 3843 usus
736 3780 856 3863 duplex
896 3787 952 3843 cst:
986 3786 1044 3843 aut
1076 3781 1159 3842 enim
1193 3779 1234 3842 ad
1258 3780 1399 3843 futurum
1424 3785 1549 3864 tempus

269 3890 415 3970 spectant
453 3891 509 3948 aut
546 3887 706 3950 actionem
741 3890 868 3971 saepius
901 3889 1072 3972 repetitam
1100 3889 1133 3950 in
1155 3889 1332 3970 praeterito
1357 3888 1548 3970 significant.

270 3993 359 4060 Cave
395 3999 503 4056 tamen
538 4000 642 4076 putes,
672 3996 904 4079 slpnifieotione
928 3996 1107 4078 quidquam
1130 3997 1212 4058 haec
1236 3995 1299 4057 duo
1323 4015 1443 4077 genera
1465 3998 1550 4059 inter

270 4123 303 4166 se
328 4102 464 4165 differre:
490 4103 587 4164 immo
612 4122 701 4180 vera,
727 4109 760 4165 ut
786 4103 1008 4166 coniunctivus
1033 4122 1106 4165 cum
1130 4102 1169 4165 ἄν
1193 4122 1321 4184 semper
1353 4102 1476 4183 aliquid
1501 4104 1549 4166 fu-

271 4213 333 4274 turi
356 4211 465 4287 habet,
489 4211 536 4272 ita
560 4215 592 4272 et
616 4212 779 4292 optativus
803 4213 975 4292 utrobique
998 4212 1211 4292 significatum
1236 4231 1328 4272 suum
1351 4212 1476 4289 retinet;
1493 4211 1550 4274 sed

271 4323 373 4379 tutum
397 4317 567 4380 discrimen
591 4317 653 4379 hoc
678 4337 719 4379 ex
741 4319 869 4380 ratione
893 4317 1123 4380 sententiarum
1145 4315 1275 4398 pendet,
1301 4313 1332 4378 et
1349 4316 1453 4395 quatis
1471 4336 1549 4400 apo-

271 4422 365 4499 dosis,
390 4424 464 4486 talis
489 4430 537 4487 est
559 4425 708 4507 protasia,
732 4431 767 4487 ut
791 4427 817 4486 si
840 4424 898 4488 illa
923 4424 964 4486 ad
988 4424 1130 4486 futurum
1153 4424 1301 4506 pertinet,
1327 4422 1442 4486 eodem
1467 4425 1549 4487 haec

270 4535 402 4611 spectet,
428 4532 475 4592 sin
498 4531 556 4593 illa
579 4551 648 4594 rem
672 4533 800 4615 saepius
824 4533 997 4613 repetitam
1020 4533 1052 4594 in
1074 4532 1252 4615 praeterito
1277 4532 1445 4613 significat,
1462 4530 1550 4595 idem

269 4638 352 4706 haec
375 4638 506 4705 indicet.
