3466 5406
842 421 1009 481 -38-

283 577 484 658 (Meinekeus
509 584 541 643 et
563 579 734 658 Velsenus)
759 580 849 662 πείθῃ
875 579 1033 642 intactum
1056 579 1256 659 reliquerunt
1291 579 1502 661 (Dindorfius
1529 582 1580 642 ta-

285 704 358 748 men
381 687 436 747 hic
461 703 590 766 quoque
613 686 686 768 πίθῃ
713 685 828 769 dedit),
852 687 1005 762 πείθησθε
1028 686 1062 747 in
1085 686 1219 770 πίθησθε
1245 704 1284 749 ex
1308 683 1426 752 Cobeti
1444 685 1579 748 coniec-

285 797 357 854 tura
387 796 635 855 commutarnnt.
672 791 772 858 Cuius
807 794 857 856 rei
893 811 977 876 quae
1012 793 1054 856 sit
1087 792 1182 871 ratio,
1214 811 1279 854 non
1308 792 1481 874 intellego,
1519 790 1580 855 sed

285 901 455 986 utramque
478 900 677 963 locutionem
700 905 732 962 ct
753 900 917 982 praesenti
950 904 981 962 et
1020 900 1141 962 aoristo
1166 900 1328 962 enuntiari
1350 899 1513 982 potuisse,
1539 917 1581 962 ex

285 1005 374 1068 hisce
399 1006 553 1088 colligere
575 1006 662 1070 licet.
688 1007 762 1072 Ἐὰν
785 1008 871 1090 πίθῃ,
895 1010 1026 1088 praeter
1054 1004 1282 1087 Aristophanis
1317 1007 1435 1085 locum,
1476 1024 1580 1087 quem

284 1113 382 1177 modo
407 1115 511 1192 attuli,
536 1115 655 1197 legitur
679 1116 778 1180 etiam
803 1114 891 1196 apud
913 1113 1108 1197 Sophoclem
1133 1111 1172 1178 Ο.
1197 1114 1238 1178 R.
1262 1116 1336 1180 321.
1353 1115 1404 1178 El.
1421 1116 1503 1178 938.
1521 1114 1578 1178 Tr.

287 1222 361 1297 ute,
386 1223 444 1287 ubi
468 1223 606 1286 acrisius
628 1228 732 1286 metro
756 1222 949 1304 postulatur;
974 1223 1013 1299 ἢν
1037 1222 1126 1305 πείθῃ
1152 1224 1231 1284 ίίοιιι
1254 1227 1357 1286 metro
1386 1221 1581 1286 defenditur

285 1327 317 1390 in
342 1327 419 1390 Eur.
444 1328 525 1392 Hec.
552 1331 626 1408 399;
651 1331 691 1407 ἣν
714 1331 867 1406 πείθησθε
890 1329 1002 1391 inveni
1026 1328 1115 1409 apud
1136 1328 1360 1410 Thucydidem
1397 1333 1427 1408 6,
1462 1333 1519 1408 92,
1547 1333 1579 1408 3,

284 1435 348 1497 nisi
372 1436 444 1516 quis
467 1436 550 1501 forte
574 1437 730 1500 aoristum
753 1437 808 1499 hic
832 1454 962 1517 qnoque
981 1455 1102 1518 ponere
1117 1437 1221 1514 malit,
1246 1454 1445 1518 quamquam
1472 1437 1579 1520 vulgo

284 1546 408 1625 putant,
433 1543 571 1606 formam
596 1545 709 1606 coristi
731 1543 832 1608 medii
857 1564 878 1605 a
899 1563 998 1626 prosa
1022 1545 1168 1607 oratione
1191 1545 1258 1608 fere
1275 1544 1415 1607 alienam
1429 1564 1504 1608 esse
1530 1544 1545 1628 (
1571 1593 1579 1608 .

285 1652 413 1714 Veitch.
437 1653 471 1714 in
495 1651 552 1733 ν.).
579 1647 672 1732 Quae
697 1671 769 1713 cum
793 1653 841 1715 ita
864 1652 937 1729 sint,
961 1651 1044 1714 nihil
1055 1655 1166 1730 restat,
1179 1653 1241 1718 nisi
1256 1656 1293 1714 ut
1307 1651 1436 1716 codices
1453 1670 1580 1734 sequa-

284 1780 366 1837 mur,
393 1777 604 1840 quaecunque
628 1763 676 1821 est
698 1760 760 1822 hac
784 1760 818 1820 in
842 1778 876 1822 re
899 1777 1011 1822 eorum
1035 1757 1220 1838 auctoritas,
1245 1761 1459 1840 omnibusque
1479 1760 1578 1837 loeis,

286 1866 326 1930 de
351 1869 468 1948 quibus
492 1867 608 1949 agitur,
633 1886 785 1948 praesens
808 1885 982 1930 servemus.

334 1994 419 2054 1102
446 1991 513 2075 (tr.)
539 1990 595 2056 do'
620 1990 724 2069 ἀγάθ’,
759 1994 799 2070 ἢν
832 1993 983 2072 κρίνωσιν
1017 1991 1339 2072 ἡμᾶς,’-διίισομεν.
1379 1994 1464 2056 1114
1502 1988 1578 2079 (tr.)

284 2100 325 2177 ἢν
349 2100 448 2179 δὲμὴ
474 2099 608 2178 κρίνητε,
632 2099 826 2179 χαλκεύεσθε
851 2101 1035 2180 μηνίσκους.
1063 2105 1148 2166 1543
1184 2101 1223 2178 ἥν
1249 2101 1278 2178 γ’
1302 2102 1343 2179 ἢν
1367 2101 1577 2184 παραλάβῃς,

285 2201 376 2272 πάντ’
403 2207 494 2286 ἔχεις.
521 2207 605 2269 1607
632 2207 672 2269 ού
690 2243 722 2253 -
742 2205 1072 2288 μεῖζον-ἰσχύσετ’,
1096 2210 1136 2284 ἢν
1156 2209 1281 2287 ὄρνιθες
1305 2208 1445 2287 ἄρξωσιν
1472 2209 1577 2285 κάτω;

290 2317 336 2394 „si
360 2317 521 2397 imperare
546 2316 742 2399 coeperint“.
770 2319 855 2381 1642
880 2316 1136 2401 ἢν-ἀποθύνῃ
1162 2316 1297 2396 δ’Ζεύς,
1312 2317 1466 2394 -πένης
1494 2317 1577 2381 ἔσει.

330 2439 366 2504 L.
393 2446 433 2506 39
458 2439 742 2519 ἢν-Ξννέλθωσ’
768 2441 799 2506 αἱ
822 2445 982 2521 γυναῖκες,
997 2479 1032 2488 -
1053 2443 1207 2522 σώσομεν
1229 2443 1288 2522 τὴν
1311 2443 1457 2508 Ἑλλάδα.

333 2566 396 2627 140
421 2566 478 2630 ἐὰν
501 2562 713 2649 γένῃ-μετ’
737 2565 826 2644 ἐμοῦ,
861 2565 899 2628 τὸ
935 2570 1063 2646 πρᾶγμα
1097 2565 1285 2646 σωσόμεσθ’
1321 2567 1374 2631 ἔτι.
1411 2564 1577 2631 Codicum

285 2671 382 2734 lectio
408 2675 561 2753 corrupte
585 2676 642 2750 est,
667 2690 804 2753 quorum
828 2671 1020 2754 repraeter
1042 2669 1442 2753 πρᾶγμ’ἂνσωσαίμεσθ,
1467 2674 1576 2737 ceteri

285 2777 401 2844 Leon
424 2781 540 2860 πρᾶγμ’
564 2778 829 2859 ἀνασωσαίμεσθ’
853 2780 879 2842 *.
903 2779 1000 2845 Unde
1022 2781 1188 2863 Reisigius
1222 2779 1328 2865 (Ocni.
1363 2802 1395 2864 p.
1433 2783 1514 2866 248)
1543 2788 1578 2846 et

286 2889 432 2971 Engerus
455 2893 586 2967 πρᾶγμα
609 2885 797 2966 σωσόμεσθ’
823 2889 1030 2970 scripserunt,
1055 2908 1128 2951 cum
1145 2886 1410 2968 ἀνασωσαίμεσθ’
1425 2910 1486 2972 pro
1504 2911 1575 2955 me-

287 2997 361 3060 trici
386 2994 554 3058 cuiusdam
579 2994 780 3057 correctione
803 2995 973 3074 haberent;
999 3000 1112 3059 contra
1135 2995 1327 3077 Blaydesius
1354 2995 1470 3075 πρᾶγμ’
1495 2998 1577 3063 ἀνα-

288 3102 474 3182 σωσόμεσθ
497 3123 610 3166 veram
635 3103 829 3185 scripturam
854 3122 926 3200 esse.
945 3107 1050 3186 putat:
1078 3104 1232 3183 „scilicet
1268 3104 1385 3185 inquit,
1417 3104 1575 3168 librarius

288 3211 417 3292 aliquis,
442 3229 541 3292 quum
566 3211 605 3276 ἀν
628 3211 825 3293 particulam
848 3231 908 3294 pro
933 3213 995 3277 ἀνα
1018 3214 1052 3275 in
1077 3213 1256 3294 composito
1279 3212 1413 3295 legeret,
1446 3212 1575 3277 indica-

288 3320 391 3381 tivum
415 3320 525 3381 statim
549 3319 582 3381 in
607 3319 962 3400 optativummutevit:
986 3319 1063 3386 inde
1085 3326 1287 3404 propagatus
1311 3341 1409 3386 error.
1434 3321 1524 3384 Infra
1540 3343 1573 3387 v.

290 3427 352 3488 569
378 3426 584 3506 διαλύσωμεν
600 3447 659 3510 pro
678 3427 872 3506 διαλύσομεν
887 3428 1043 3492 exhibent
1057 3427 1098 3491 R.
1115 3429 1199 3492 lunt.
1217 3427 1374 3493 Similiter
1391 3428 1574 3509 ἀμπείσειεν

288 3535 322 3596 in
346 3534 384 3599 ἀν
408 3535 548 3600 πείσειεν
572 3539 760 3617 corruptum
775 3535 859 3598 infra
877 3537 972 3597 1714.
999 3533 1104 3617 Quam
1120 3537 1404 3600 ratiocinationem
1420 3536 1574 3618 equidem

287 3641 428 3725 probare
451 3662 515 3705 non
538 3661 679 3724 possum:
704 3662 780 3705 nam
805 3661 854 3718 eo,
881 3642 969 3724 quod
991 3643 1145 3707 librarius
1170 3643 1209 3708 ἄν
1232 3664 1291 3726 pro
1313 3643 1423 3708 sivein
1441 3661 1572 3726 compo-

289 3751 350 3814 sito
374 3749 501 3832 legerit,
525 3749 559 3810 in
582 3749 614 3812 R
638 3749 770 3831 quidem
796 3751 961 3833 optativus
984 3750 1174 3834 explicatur,
1191 3751 1225 3812 in
1241 3748 1267 3812 L
1283 3755 1391 3814 autem
1407 3770 1471 3813 non
1482 3751 1571 3814 item:

167 3879 170 3888 ⁴
290 3857 502 3938 archetypum
527 3856 612 3920 enim
635 3857 692 3922 illo
716 3858 799 3922 vitio
823 3856 967 3921 nondum
991 3857 1157 3924 laborasse
1181 3858 1387 3921 manifestum
1423 3860 1479 3919 est:
1513 3878 1572 3941 po-

325 4125 339 4158 *
361 4122 498 4178 Consulto
518 4120 599 4177 omisi
619 4122 791 4192 scripturam
811 4120 919 4177 codicis
938 4123 1117 4178 Monacensis
1142 4124 1215 4192 (sive
1235 4123 1409 4193 Augustani)
1421 4123 1446 4178 N
1460 4128 1572 4191 πρᾶγμα

288 4214 467 4283 σωσαίμεσθ,
486 4228 568 4282 quem
597 4210 726 4280 Engerus
747 4216 777 4265 et
796 4211 936 4268 Velsanus
956 4228 990 4267 ex
1009 4213 1176 4270 Rauennate
1206 4213 1320 4270 ductum
1351 4230 1412 4269 esse
1441 4213 1572 4270 ostende-

288 4309 363 4370 runt,
384 4303 464 4358 cuius
484 4301 571 4369 igitur
589 4300 667 4356 ratio
689 4300 802 4355 omnino
822 4318 877 4356 non
897 4301 1029 4357 habenda
1048 4308 1099 4356 est.
1119 4303 1255 4357 Similiter
1274 4303 1354 4374 ΒθΔ,
1374 4304 1571 4373 ηιιίρρο,ηιιοο

292 4410 327 4447 ex
345 4393 368 4446 L
387 4399 472 4448 natos
492 4408 552 4447 esse
572 4391 805 4447 verisimillimum
830 4393 875 4460 sit,
896 4393 924 4446 in
945 4392 1105 4462 Lysistrata
1119 4393 1293 4450 recensenda
1305 4392 1376 4446 nihil
1390 4393 1449 4449 iera
1465 4397 1571 4463 valent3

287 4483 349 4550 ipse
370 4487 463 4537 autem
481 4481 505 4536 L
525 4481 641 4537 eandam
660 4480 721 4536 iere
742 4481 796 4536 vim
817 4485 846 4536 et
866 4483 1067 4538 auctoritatem
1087 4483 1201 4538 exhibet
1216 4481 1472 4552 atquaRavennas.
1491 4485 1571 4543 Haec

290 4587 324 4630 ex
342 4571 475 4629 Kuahnei
495 4571 696 4630 dissertatione
715 4569 813 4630 affero.
