3468 5390
892 433 1069 496 -62-

340 592 414 667 773,
438 591 465 652 τί
488 590 556 666 δῆτ’
580 590 619 654 ἂν
644 590 669 654 εἰ
692 589 731 654 N.
760 593 832 652 154.
859 593 932 656 769.
958 592 992 654 L.
1019 593 1093 670 399,
1119 593 1239 658 οὔκουν
1263 594 1302 658 ἂν
1322 595 1347 658 εἰ
1362 594 1397 656 L.
1415 596 1490 670 307,
1508 593 1614 672 ὥσπερ

339 697 365 760 εἰ
387 696 450 760 Αν.
479 699 551 760 180.
576 699 650 760 282.
674 697 715 760 R.
743 700 838 761 1158.
874 699 931 760 Εο.
965 701 1038 776 126;
1062 705 1234 781 praeterea
1264 701 1302 762 in
1336 702 1374 764 E.
1414 704 1497 764 1057
1534 700 1616 763 solus

339 806 504 888 optativus
527 807 562 868 in
586 804 722 888 apodesi
746 811 803 882 est,
828 805 868 869 ἄν
893 806 1033 869 auditur.
1057 807 1118 868 Th.
1145 807 1616 890 681cun1luturoinapodosi

339 913 450 976 malim
476 915 634 990 omittere,
660 915 738 994 quia
761 915 903 978 incertus
925 915 1017 978 locus
1040 920 1097 978 est.

385 1021 470 1085 Αίια.
494 1022 531 1084 ln
557 1023 658 1086 tribus
681 1022 772 1098 locis,
798 1041 879 1102 quos
903 1023 1007 1100 attuli,
1032 1023 1067 1086 L.
1094 1025 1188 1087 1112.
1212 1024 1269 1086 Ec.
1297 1026 1371 1086 647.
1394 1023 1445 1086 Pl.
1472 1025 1548 1100 329,
1564 1022 1616 1085 ubi

339 1129 491 1214 epodosis
514 1149 578 1193 non
601 1131 783 1211 optativum
808 1150 882 1192 cum
906 1129 945 1194 ἄν
969 1132 1079 1208 habet,
1096 1130 1153 1194 sed
1170 1132 1406 1199 substantivum
1430 1132 1485 1194 vel
1511 1131 1616 1194 adiec-

339 1238 441 1299 tivum
471 1257 545 1300 cum
569 1237 636 1300 ἐστί
661 1242 717 1300 aut
740 1238 809 1300 sine
834 1257 884 1314 eo,
908 1239 1073 1319 optativus
1098 1240 1130 1300 in
1153 1241 1278 1320 protasi
1313 1240 1379 1303 iere
1413 1260 1479 1304 non
1516 1239 1618 1304 differt

339 1362 359 1404 a
383 1345 600 1420 coniunctivo;
624 1344 715 1406 velut
738 1363 797 1426 pro
822 1343 1002 1421 δεινότερόν
1026 1346 1122 1422 ε’στιν,
1149 1345 1177 1408 εί
1200 1360 1240 1407 σε
1264 1347 1429 1423 φιλήσειεν
1457 1341 1618 1422 Ἀρίστυλ-

338 1455 395 1526 λος
418 1449 476 1510 Εα.
503 1450 566 1510 247
591 1467 748 1529 reponere
771 1450 876 1530 possis
901 1449 957 1513 ἐὰν
981 1451 1113 1530 φιλήσῃ.
1146 1449 1196 1512 Dc
1219 1451 1282 1512 hoc
1318 1451 1458 1532 optativi
1494 1470 1555 1512 usu
1589 1469 1630 1510 v..

338 1553 512 1620 Goodwin.
538 1557 612 1616 501.

496 1697 567 1760 Iam
592 1699 763 1761 afferamus
787 1699 886 1761 locos

682 1822 947 1906 Optativus
982 1827 1271 1906 praesentis.

381 1967 421 2031 N.
449 1969 511 2028 754
529 1967 555 2030 εἰ
572 1964 677 2045 μηκέτ’
700 1969 868 2032 ἀνατέλλοι
884 1968 1015 2046 σελήνη,
1031 1968 1146 2030 -οὐκ
1163 1967 1201 2030 ἂν
1219 1967 1374 2045 ἀποδοίην
1395 1969 1472 2044 τοὺς
1491 1968 1616 2042 τόκους.

340 2075 403 2136 758
428 2073 456 2138 εί
479 2074 907 2154 σοι-γράφοιτο-δίκη,
943 2074 1035 2151 ὅπως
1060 2075 1099 2138 ἂν
1123 2073 1223 2151 αὐτήν
1248 2074 1442 2152 ἀφανίσειας
1467 2073 1536 2138 εἰπέ
1560 2095 1618 2150 μοι.

382 2182 443 2242 Αν.
472 2183 533 2243 180
559 2180 654 2257 οὗτός
669 2182 814 2245 -ἐστιν
842 2182 980 2259 ὀρνίθιον
1003 2183 1115 2258 πόλος,
1130 2218 1172 2227 -
1187 2182 1297 2260 ὥσπερ
1322 2181 1348 2245 εἰ
1372 2185 1477 2260 λέγοις
1512 2183 1618 2256 τόπος,

336 2290 393 2352 ubi
418 2289 443 2352 εἰ
467 2290 571 2365 λέγοις
596 2308 635 2351 ex
660 2287 776 2353 Cobeti
801 2291 988 2352 coniectura
1012 2289 1123 2351 datum
1157 2294 1213 2352 est:
1238 2309 1313 2350 nam
1339 2289 1426 2369 quod
1461 2291 1496 2351 in
1531 2268 1620 2352 libris

335 2396 489 2477 scriptum
515 2400 562 2458 est
585 2396 696 2472 ὥσπερ
721 2396 803 2459 είποι
826 2417 873 2471 τις
896 2396 1061 2458 soloecum
1085 2395 1223 2457 videtur:
1253 2394 1328 2456 vide
1352 2395 1472 2476 Krueg.
1500 2395 1543 2468 ll,
1571 2395 1619 2468 54,

337 2507 368 2582 3,
392 2504 422 2568 8.
448 2500 621 2566 Goodwin.
646 2503 663 2581 ,0
689 2505 763 2579 242,
788 2502 844 2563 ubi
870 2502 926 2580 qui
950 2501 1127 2564 afferuntur
1140 2501 1205 2563 loci
1223 2521 1263 2563 ex
1276 2502 1382 2582 poetis
1399 2503 1521 2583 sumpti
1538 2505 1617 2563 sunt.

336 2607 451 2673 Cobeti
476 2609 659 2674 emendatio
684 2610 802 2673 vellem
826 2610 960 2691 propius
996 2609 1037 2671 ad
1074 2608 1223 2671 codicum
1257 2610 1397 2692 vestigia
1436 2609 1617 2672 accederet.

335 2715 449 2798 Neque
473 2736 551 2778 vero
577 2715 715 2778 aliorum
741 2716 946 2777 coniecturae
971 2714 1074 2794 magis
1098 2713 1283 2778 laudandae
1307 2721 1390 2782 sunt.
1416 2721 1451 2778 ut
1474 2716 1619 2781 Dobraei

338 2826 449 2902 ὥσπερ
473 2824 501 2887 εἴ
523 2823 551 2896 γ’
574 2824 675 2900 εἴποις
699 2843 737 2885 eo
762 2828 912 2904 suspecta
947 2833 1004 2900 est,
1037 2821 1124 2902 quod
1161 2822 1216 2883 Ar.
1241 2823 1268 2884 si
1291 2843 1355 2884 non
1378 2843 1556 2903 nunquam,
1587 2827 1619 2882 ut
1719 2857 1720 2904 ,

339 2931 409 2994 vult
444 2931 672 2992 Baehmannus
695 2929 795 3012 (Phil.
820 2929 849 2990 V
873 2929 985 3011 Suppl.
1010 2950 1042 3011 p.
1068 2931 1159 3006 256),
1184 2921 1217 2991 at
1240 2930 1403 2992 rarissime
1431 2931 1466 3004 γε’
1492 2950 1566 2992 cum
1596 2927 1619 2990 εἰ
1719 2965 1720 2970 1

339 3038 513 3120 coniungit.
537 3035 576 3098 In
600 3035 744 3098 eiusdem
768 3037 879 3114 ὥσπερ
904 3035 943 3100 ἂν
967 3036 1049 3099 εἴποι
1072 3021 1128 3113 τις,
1162 3035 1248 3116 quod
1282 3035 1453 3098 Dindorlio
1491 3053 1618 3116 quoque

338 3146 512 3227 probatum
536 3149 592 3221 est,
618 3148 811 3225 anapaestus
835 3145 970 3206 vitiosus
995 3147 1052 3220 est,
1077 3145 1155 3223 quia
1179 3145 1219 3204 ab
1243 3142 1395 3205 enclitica
1419 3144 1547 3205 initium
1567 3161 1617 3204 ca-

337 3254 395 3334 pit:
419 3273 495 3314 nam
519 3253 601 3314 haec
624 3251 788 3333 particula
812 3252 845 3313 in
867 3252 1013 3314 trimetro
1038 3252 1084 3311 ita
1107 3250 1262 3313 collocari
1286 3250 1377 3326 solet,
1413 3256 1448 3311 ut
1480 3271 1539 3328 περ
1564 3253 1617 3311 aut

339 3365 491 3439 sequente
516 3379 659 3422 consona
682 3379 755 3421 eum
779 3360 886 3440 priore
912 3359 1038 3439 syllaba
1061 3377 1120 3420 sua
1143 3357 1321 3440 spondeum
1356 3359 1464 3434 iaciat,
1491 3364 1548 3420 aut
1571 3374 1617 3418 se·
1718 3341 1719 3380 ί

339 3473 457 3547 quante
480 3467 589 3530 vocali
613 3467 666 3530 vel
691 3467 813 3547 dactyli
848 3467 991 3548 priorem
1026 3467 1169 3542 brevem,
1204 3466 1258 3527 vel
1293 3467 1431 3547 primam
1463 3463 1617 3529 tribrachi

339 3574 470 3650 efficiat,
495 3580 707 3656 anapaestum
732 3579 839 3637 autem
861 3593 1025 3654 nunquam
1042 3574 1186 3654 incipiat.
1211 3571 1326 3652 Neque
1341 3569 1617 3655 ipsiusDindortii
1717 3599 1718 3602 ¹

339 3682 572 3746 correctionem
597 3682 641 3759 ὡς
666 3681 705 3745 ἂν
730 3682 812 3746 είποι
834 3681 1054 3762 probaverim,
1079 3680 1233 3760 quoniam
1259 3679 1345 3760 apud
1382 3680 1437 3743 Ar.
1469 3680 1517 3757 ὡς
1547 3697 1616 3740 cum
1717 3707 1718 3729 ι

339 3789 487 3872 optativo
512 3793 544 3852 et
567 3787 607 3853 ἀν
630 3790 664 3850 in
687 3789 786 3852 simili
810 3788 974 3850 locutione
996 3807 1061 3848 uon
1086 3789 1236 3850 occurrit.
1254 3787 1371 3850 Restat
1387 3789 1495 3870 igitur,
1512 3792 1548 3850 ut
1565 3787 1619 3847 aut

339 3895 455 3962 Cobeti
479 3897 699 3958 coniecturam
723 3896 924 3976 adoptemur,
949 3901 1005 3957 aut
1029 3915 1101 3956 cum
1131 3896 1307 3977 lllaydesio
1330 3897 1441 3972 ὥσπερ
1478 3895 1504 3960 εἰ
1539 3893 1617 3958 εἴποι
1716 3969 1717 3972 ¹

338 4026 384 4083 τις
408 4004 595 4079 scribamus,
621 4022 704 4082 quae
728 4003 882 4082 synizesis
911 4021 1108 4084 quamquam
1142 4003 1211 4084 ipsa
1246 4003 1386 4064 insoleus
1422 4010 1477 4080 est,
1513 4010 1616 4065 tameu

339 4111 498 4176 similibus
522 4108 689 4190 exemplis
714 4129 733 4170 a
758 4109 806 4170 Bl.
832 4109 986 4184 sollertia,
1011 4111 1152 4172 maxime
1178 4109 1237 4172 Av.
1266 4111 1306 4170 80
1333 4131 1383 4188 μοι
1408 4111 1535 4192 οἴχεται,
1560 4107 1617 4170 ali-

340 4220 419 4300 quid
443 4217 635 4282 defenditur.

388 4327 448 4388 107
473 4324 551 4390 ὥστ’
576 4325 615 4388 ἂν
639 4324 839 4403 κατοικίζοιμι
864 4327 940 4403 μετὰ
964 4327 1026 4388 σοῦ
1051 4327 1109 4402 τὴν
1121 4325 1223 4402 πόλιν,
1239 4325 1265 4388 εἰ
1282 4328 1448 4406 ξυνδοκοίη
1463 4331 1616 4392 τοῖσιν-

340 4433 475 4512 ὀρνέοις.
502 4434 565 4496 282
591 4433 659 4515 (tr.)
684 4434 796 4509 ὥσπερ
820 4433 846 4496 εἰ
871 4433 984 4508 λέγοις.

383 4541 418 4602 L.
447 4543 509 4602 118
538 4540 643 4622 (Lac.)
668 4542 718 4603 καί
742 4562 781 4603 κα
804 4541 902 4604 ποττὸ
926 4539 1141 4616 Ταΰγετον-
1157 4541 1277 4618 ἔλσοιμ’
1313 4540 1402 4619 ὄρος,
1427 4543 1456 4606 αἰ
1482 4537 1615 4620 μέλλοιμί

338 4645 366 4722 γ’
392 4647 521 4724 εἰράναν
545 4646 622 4724 lusu
649 4646 688 4710 In
710 4647 761 4709 his
785 4646 865 4724 ἰοήν,
888 4654 924 4709 ut
947 4646 1157 4725 Laconicum,
1192 4667 1252 4729 pro
1284 4650 1361 4712 ἰδεῖν
1397 4649 1553 4714 librorum
1578 4644 1616 4706 ab
