<?xml version="1.0" encoding="UTF-8"?>
<!DOCTYPE html PUBLIC "-//W3C//DTD XHTML 1.0 Transitional//EN"
    "http://www.w3.org/TR/xhtml1/DTD/xhtml1-transitional.dtd">
<html xmlns="http://www.w3.org/1999/xhtml" xml:lang="en" lang="en">
 <head>
  <title>
</title>
<meta http-equiv="Content-Type" content="text/html;charset=utf-8" />
  <meta name='ocr-system' content='tesseract 3.04.00' />
  <meta name='ocr-capabilities' content='ocr_page ocr_carea ocr_par ocr_line ocrx_word'/>
</head>
<body>
  <div class='ocr_page' id='page_1' title='image "./syntaxisaristop00sobogoog_0071.png"; bbox 0 0 3468 5390; ppageno 0'>
   <div class='ocr_carea' id='block_1_1' title="bbox 814 451 992 511">
    <p class='ocr_par' dir='ltr' id='par_1_1' title="bbox 814 451 992 511">
     <span class='ocr_line' id='line_1_1' title="bbox 814 451 992 511; baseline -0.011 -13"><span class='ocrx_word' id='word_1_1' title='bbox 814 451 992 511; x_wconf 69' lang='grc'>...56-</span> 
     </span>
    </p>
   </div>
   <div class='ocr_carea' id='block_1_2' title="bbox 256 611 1539 892">
    <p class='ocr_par' dir='ltr' id='par_1_2' title="bbox 256 611 1539 892">
     <span class='ocr_line' id='line_1_2' title="bbox 256 611 1536 695; baseline -0.005 -16"><span class='ocrx_word' id='word_1_2' title='bbox 256 618 385 691; x_wconf 86' lang='grc' dir='ltr'>παρῶσι</span> <span class='ocrx_word' id='word_1_3' title='bbox 409 611 468 675; x_wconf 90' lang='lat' dir='ltr'><strong>der</strong></span> <span class='ocrx_word' id='word_1_4' title='bbox 490 612 585 694; x_wconf 89' lang='lat' dir='ltr'><strong>Konj.</strong></span> <span class='ocrx_word' id='word_1_5' title='bbox 612 612 667 675; x_wconf 90' lang='lat' dir='ltr'><strong>des</strong></span> <span class='ocrx_word' id='word_1_6' title='bbox 690 612 832 694; x_wconf 73' lang='lat' dir='ltr'><strong>Imperi:</strong></span> <span class='ocrx_word' id='word_1_7' title='bbox 858 614 942 676; x_wconf 87' lang='lat' dir='ltr'><strong>auch</strong></span> <span class='ocrx_word' id='word_1_8' title='bbox 958 632 1054 676; x_wconf 91' lang='lat' dir='ltr'><strong>wenn</strong></span> <span class='ocrx_word' id='word_1_9' title='bbox 1072 613 1119 695; x_wconf 92' lang='lat' dir='ltr'><strong>(in</strong></span> <span class='ocrx_word' id='word_1_10' title='bbox 1137 612 1210 675; x_wconf 90' lang='lat' dir='ltr'><strong>dem</strong></span> <span class='ocrx_word' id='word_1_11' title='bbox 1223 614 1303 676; x_wconf 89' lang='lat' dir='ltr'><strong>betr.</strong></span> <span class='ocrx_word' id='word_1_12' title='bbox 1320 611 1427 695; x_wconf 82' lang='lat' dir='ltr'><strong>Falla)</strong></span> <span class='ocrx_word' id='word_1_13' title='bbox 1442 611 1536 675; x_wconf 84' lang='lat' dir='ltr'><strong>debei</strong></span> 
     </span>
     <span class='ocr_line' id='line_1_3' title="bbox 256 717 1539 803; baseline -0.003 -20"><span class='ocrx_word' id='word_1_14' title='bbox 256 722 401 783; x_wconf 85' lang='lat' dir='ltr'><strong>waren“.</strong></span> <span class='ocrx_word' id='word_1_15' title='bbox 427 717 533 800; x_wconf 74' lang='lat' dir='ltr'><strong>Quasi</strong></span> <span class='ocrx_word' id='word_1_16' title='bbox 553 719 758 782; x_wconf 88' lang='lat' dir='ltr'><strong>coniunctivo</strong></span> <span class='ocrx_word' id='word_1_17' title='bbox 781 722 961 803; x_wconf 87' lang='lat' dir='ltr'><strong>praeterita</strong></span> <span class='ocrx_word' id='word_1_18' title='bbox 985 722 1071 783; x_wconf 87' lang='lat' dir='ltr'><strong>actio</strong></span> <span class='ocrx_word' id='word_1_19' title='bbox 1108 720 1247 801; x_wconf 82' lang='lat' dir='ltr'><strong>exprimi</strong></span> <span class='ocrx_word' id='word_1_20' title='bbox 1281 721 1383 801; x_wconf 82' lang='lat' dir='ltr'><strong>possit</strong></span> <span class='ocrx_word' id='word_1_21' title='bbox 1414 723 1471 780; x_wconf 87' lang='lat' dir='ltr'><strong>aut</strong></span> <span class='ocrx_word' id='word_1_22' title='bbox 1495 717 1539 781; x_wconf 85' lang='grc' dir='ltr'>κεί</span> 
     </span>
     <span class='ocr_line' id='line_1_4' title="bbox 256 824 1538 892; baseline -0.002 -2"><span class='ocrx_word' id='word_1_23' title='bbox 256 831 289 891; x_wconf 91' lang='lat' dir='ltr'><strong>in</strong></span> <span class='ocrx_word' id='word_1_24' title='bbox 313 849 344 890; x_wconf 90' lang='lat' dir='ltr'><strong>v.</strong></span> <span class='ocrx_word' id='word_1_25' title='bbox 374 827 459 890; x_wconf 82' lang='lat' dir='ltr'><strong>11o2</strong></span> <span class='ocrx_word' id='word_1_26' title='bbox 485 825 525 888; x_wconf 90' lang='lat' dir='ltr'><strong>de</strong></span> <span class='ocrx_word' id='word_1_27' title='bbox 546 846 582 889; x_wconf 86' lang='lat' dir='ltr'><strong>re</strong></span> <span class='ocrx_word' id='word_1_28' title='bbox 606 845 683 890; x_wconf 87' lang='lat' dir='ltr'><strong>vere</strong></span> <span class='ocrx_word' id='word_1_29' title='bbox 706 828 794 891; x_wconf 83' lang='lat' dir='ltr'><strong>facta</strong></span> <span class='ocrx_word' id='word_1_30' title='bbox 818 828 941 891; x_wconf 87' lang='lat' dir='ltr'><strong>dictum</strong></span> <span class='ocrx_word' id='word_1_31' title='bbox 965 829 1015 891; x_wconf 87' lang='lat' dir='ltr'><strong>sit!</strong></span> <span class='ocrx_word' id='word_1_32' title='bbox 1040 828 1234 892; x_wconf 76' lang='lat' dir='ltr'><strong>Rectissime</strong></span> <span class='ocrx_word' id='word_1_33' title='bbox 1259 824 1298 892; x_wconf 82' lang='lat' dir='ltr'><strong>G.</strong></span> <span class='ocrx_word' id='word_1_34' title='bbox 1322 827 1538 889; x_wconf 76' lang='lat' dir='ltr'><strong>Hermannus:</strong></span> 
     </span>
    </p>
   </div>
   <div class='ocr_carea' id='block_1_3' title="bbox 259 932 1538 1125">
    <p class='ocr_par' dir='ltr' id='par_1_3' title="bbox 259 932 1538 1125">
     <span class='ocr_line' id='line_1_5' title="bbox 259 932 1538 1019; baseline -0.002 -23"><span class='ocrx_word' id='word_1_35' title='bbox 259 932 368 1015; x_wconf 90' lang='lat' dir='ltr'><strong>„quod</strong></span> <span class='ocrx_word' id='word_1_36' title='bbox 392 932 432 996; x_wconf 88' lang='lat' dir='ltr'><strong>de</strong></span> <span class='ocrx_word' id='word_1_37' title='bbox 454 952 518 995; x_wconf 91' lang='lat' dir='ltr'><strong>uno</strong></span> <span class='ocrx_word' id='word_1_38' title='bbox 544 934 630 996; x_wconf 89' lang='lat' dir='ltr'><strong>facto</strong></span> <span class='ocrx_word' id='word_1_39' title='bbox 655 933 782 998; x_wconf 78' lang='lat' dir='ltr'><strong>dixerat</strong></span> <span class='ocrx_word' id='word_1_40' title='bbox 805 934 1020 1019; x_wconf 85' lang='lat' dir='ltr'><strong>Strepsiades‚</strong></span> <span class='ocrx_word' id='word_1_41' title='bbox 1045 935 1195 999; x_wconf 79' lang='lat' dir='ltr'><strong>Socrates</strong></span> <span class='ocrx_word' id='word_1_42' title='bbox 1218 937 1369 998; x_wconf 88' lang='lat' dir='ltr'><strong>universe</strong></span> <span class='ocrx_word' id='word_1_43' title='bbox 1394 932 1434 997; x_wconf 90' lang='lat' dir='ltr'><strong>de</strong></span> <span class='ocrx_word' id='word_1_44' title='bbox 1459 949 1538 1014; x_wconf 87' lang='lat' dir='ltr'><strong>qua·</strong></span> 
     </span>
     <span class='ocr_line' id='line_1_6' title="bbox 259 1039 1538 1125; baseline 0 -26"><span class='ocrx_word' id='word_1_45' title='bbox 259 1042 312 1103; x_wconf 89' lang='lat' dir='ltr'><strong>vis</strong></span> <span class='ocrx_word' id='word_1_46' title='bbox 333 1039 433 1102; x_wconf 85' lang='lat' dir='ltr'><strong>simili</strong></span> <span class='ocrx_word' id='word_1_47' title='bbox 457 1058 572 1102; x_wconf 81' lang='lat' dir='ltr'><strong>caussa</strong></span> <span class='ocrx_word' id='word_1_48' title='bbox 596 1039 791 1120; x_wconf 85' lang='lat' dir='ltr'><strong>eloquitur“.</strong></span> <span class='ocrx_word' id='word_1_49' title='bbox 816 1041 933 1123; x_wconf 86' lang='lat' dir='ltr'><strong>Itaque</strong></span> <span class='ocrx_word' id='word_1_50' title='bbox 954 1043 1119 1125; x_wconf 88' lang='lat' dir='ltr'><strong>praesenti</strong></span> <span class='ocrx_word' id='word_1_51' title='bbox 1142 1042 1226 1104; x_wconf 92' lang='lat' dir='ltr'><strong>coni.</strong></span> <span class='ocrx_word' id='word_1_52' title='bbox 1250 1041 1304 1103; x_wconf 94' lang='lat' dir='ltr'><strong>hic</strong></span> <span class='ocrx_word' id='word_1_53' title='bbox 1320 1041 1405 1103; x_wconf 87' lang='lat' dir='ltr'><strong>actio</strong></span> <span class='ocrx_word' id='word_1_54' title='bbox 1422 1039 1538 1115; x_wconf 88' lang='lat' dir='ltr'><strong>futura,</strong></span> 
     </span>
    </p>
   </div>
   <div class='ocr_carea' id='block_1_4' title="bbox 255 1147 1543 4681">
    <p class='ocr_par' dir='ltr' id='par_1_4' title="bbox 257 1147 1537 1330">
     <span class='ocr_line' id='line_1_7' title="bbox 257 1147 1537 1228; baseline -0.002 -17"><span class='ocrx_word' id='word_1_55' title='bbox 257 1147 314 1211; x_wconf 89' lang='lat' dir='ltr'><strong>scd</strong></span> <span class='ocrx_word' id='word_1_56' title='bbox 339 1166 424 1227; x_wconf 87' lang='lat' dir='ltr'><strong>quae</strong></span> <span class='ocrx_word' id='word_1_57' title='bbox 446 1147 637 1228; x_wconf 83' lang='lat' dir='ltr'><strong>primariam</strong></span> <span class='ocrx_word' id='word_1_58' title='bbox 662 1148 845 1228; x_wconf 90' lang='lat' dir='ltr'><strong>antecedat,</strong></span> <span class='ocrx_word' id='word_1_59' title='bbox 872 1150 1013 1228; x_wconf 83' lang='lat' dir='ltr'><strong>effertur,</strong></span> <span class='ocrx_word' id='word_1_60' title='bbox 1037 1154 1072 1212; x_wconf 90' lang='lat' dir='ltr'><strong>ut</strong></span> <span class='ocrx_word' id='word_1_61' title='bbox 1094 1149 1179 1211; x_wconf 85' lang='lat' dir='ltr'><strong>infra</strong></span> <span class='ocrx_word' id='word_1_62' title='bbox 1201 1148 1234 1210; x_wconf 88' lang='lat' dir='ltr'><strong>in</strong></span> <span class='ocrx_word' id='word_1_63' title='bbox 1269 1149 1341 1211; x_wconf 90' lang='lat' dir='ltr'><strong>loco</strong></span> <span class='ocrx_word' id='word_1_64' title='bbox 1373 1147 1537 1210; x_wconf 91' lang='lat' dir='ltr'><strong>simillimo</strong></span> 
     </span>
     <span class='ocr_line' id='line_1_8' title="bbox 257 1254 805 1330; baseline 0.002 -14"><span class='ocrx_word' id='word_1_65' title='bbox 257 1254 296 1316; x_wconf 93' lang='lat' dir='ltr'><strong>V.</strong></span> <span class='ocrx_word' id='word_1_66' title='bbox 325 1256 421 1317; x_wconf 84' lang='grc'>1674.</span> <span class='ocrx_word' id='word_1_67' title='bbox 801 1323 805 1330; x_wconf 53' lang='grc'>,</span> 
     </span>
    </p>

    <p class='ocr_par' dir='ltr' id='par_1_5' title="bbox 256 1360 1539 1552">
     <span class='ocr_line' id='line_1_9' title="bbox 306 1360 1539 1445; baseline 0.002 -20"><span class='ocrx_word' id='word_1_68' title='bbox 306 1364 390 1425; x_wconf 85' lang='grc'>1317</span> <span class='ocrx_word' id='word_1_69' title='bbox 426 1360 516 1445; x_wconf 83' lang='lat' dir='ltr'><strong>(lyr.)</strong></span> <span class='ocrx_word' id='word_1_70' title='bbox 551 1361 687 1441; x_wconf 82' lang='grc' dir='ltr'>οῖμαι-</span> <span class='ocrx_word' id='word_1_71' title='bbox 706 1363 859 1429; x_wconf 87' lang='grc' dir='ltr'>αὐτόν-</span> <span class='ocrx_word' id='word_1_72' title='bbox 873 1365 1032 1443; x_wconf 87' lang='grc' dir='ltr'>εὑρήσειν,</span> <span class='ocrx_word' id='word_1_73' title='bbox 1065 1364 1327 1442; x_wconf 82' lang='grc' dir='ltr'>ὅπερ-ἐζήτει,</span> <span class='ocrx_word' id='word_1_74' title='bbox 1367 1363 1446 1429; x_wconf 81' lang='grc' dir='ltr'>εἶναι</span> <span class='ocrx_word' id='word_1_75' title='bbox 1482 1364 1539 1428; x_wconf 88' lang='grc' dir='ltr'><strong>τὸν</strong></span> 
     </span>
     <span class='ocr_line' id='line_1_10' title="bbox 256 1469 1500 1552; baseline 0 -18"><span class='ocrx_word' id='word_1_76' title='bbox 256 1471 327 1534; x_wconf 88' lang='grc' dir='ltr'>υἱὸν</span> <span class='ocrx_word' id='word_1_77' title='bbox 356 1469 462 1534; x_wconf 83' lang='grc' dir='ltr'>δεῖνὸν</span> <span class='ocrx_word' id='word_1_78' title='bbox 476 1505 516 1514; x_wconf 90' lang='grc'><strong>-</strong></span> <span class='ocrx_word' id='word_1_79' title='bbox 530 1469 774 1547; x_wconf 86' lang='grc' dir='ltr'>λέγειν,-ὥστε</span> <span class='ocrx_word' id='word_1_80' title='bbox 797 1477 888 1537; x_wconf 84' lang='grc' dir='ltr'>νικᾶν</span> <span class='ocrx_word' id='word_1_81' title='bbox 912 1471 1170 1549; x_wconf 75' lang='grc' dir='ltr'>ἅπαντας,---κᾶν</span> <span class='ocrx_word' id='word_1_82' title='bbox 1193 1472 1267 1552; x_wconf 88' lang='grc' dir='ltr'>λέγῃ</span> <span class='ocrx_word' id='word_1_83' title='bbox 1296 1472 1500 1550; x_wconf 85' lang='grc' dir='ltr'>παμπόνηρα.</span> 
     </span>
    </p>

    <p class='ocr_par' dir='ltr' id='par_1_6' title="bbox 256 1575 1540 1984">
     <span class='ocr_line' id='line_1_11' title="bbox 302 1575 1539 1660; baseline 0.002 -22"><span class='ocrx_word' id='word_1_84' title='bbox 302 1576 341 1639; x_wconf 89' lang='lat' dir='ltr'><strong>V.</strong></span> <span class='ocrx_word' id='word_1_85' title='bbox 369 1579 432 1639; x_wconf 87' lang='grc'><strong>654</strong></span> <span class='ocrx_word' id='word_1_86' title='bbox 458 1575 539 1658; x_wconf 89' lang='lat' dir='ltr'><strong>(an.)</strong></span> <span class='ocrx_word' id='word_1_87' title='bbox 564 1577 624 1639; x_wconf 88' lang='grc' dir='ltr'><strong>οὐκ</strong></span> <span class='ocrx_word' id='word_1_88' title='bbox 648 1576 735 1641; x_wconf 85' lang='grc' dir='ltr'>ἔστιν</span> <span class='ocrx_word' id='word_1_89' title='bbox 759 1577 850 1657; x_wconf 82' lang='grc' dir='ltr'>ὅπως</span> <span class='ocrx_word' id='word_1_90' title='bbox 874 1579 913 1642; x_wconf 86' lang='grc' dir='ltr'><strong>οὐ</strong></span> <span class='ocrx_word' id='word_1_91' title='bbox 937 1579 1096 1656; x_wconf 84' lang='grc' dir='ltr'>τεθνήξεις</span> <span class='ocrx_word' id='word_1_92' title='bbox 1120 1577 1257 1659; x_wconf 47' lang='lat' dir='ltr'><strong>(llo—io</strong></span> <span class='ocrx_word' id='word_1_93' title='bbox 1281 1576 1455 1660; x_wconf 73' lang='lat' dir='ltr'><strong>vel-oo),</strong></span> <span class='ocrx_word' id='word_1_94' title='bbox 1482 1576 1539 1641; x_wconf 82' lang='grc' dir='ltr'><strong>κᾶν</strong></span> 
     </span>
     <span class='ocr_line' id='line_1_12' title="bbox 256 1684 1540 1768; baseline 0.002 -22"><span class='ocrx_word' id='word_1_95' title='bbox 256 1691 314 1767; x_wconf 85' lang='grc' dir='ltr'><strong>χρῇ</strong></span> <span class='ocrx_word' id='word_1_96' title='bbox 342 1684 388 1766; x_wconf 93' lang='lat' dir='ltr'><strong>(ll.</strong></span> <span class='ocrx_word' id='word_1_97' title='bbox 413 1686 487 1768; x_wconf 86' lang='grc' dir='ltr'>χρή)</span> <span class='ocrx_word' id='word_1_98' title='bbox 525 1684 719 1764; x_wconf 85' lang='grc' dir='ltr'>σπλάγχνων</span> <span class='ocrx_word' id='word_1_99' title='bbox 754 1684 783 1764; x_wconf 85' lang='grc' dir='ltr'><strong>μ’</strong></span> <span class='ocrx_word' id='word_1_100' title='bbox 821 1687 1005 1766; x_wconf 88' lang='grc' dir='ltr'>ἀπέχεσθαι.</span> <span class='ocrx_word' id='word_1_101' title='bbox 1046 1689 1110 1749; x_wconf 83' lang='grc'><strong>798</strong></span> <span class='ocrx_word' id='word_1_102' title='bbox 1135 1685 1193 1750; x_wconf 83' lang='grc' dir='ltr'><strong>κᾶν</strong></span> <span class='ocrx_word' id='word_1_103' title='bbox 1208 1688 1412 1762; x_wconf 80' lang='grc' dir='ltr'><strong>-τωρέττω</strong></span> <span class='ocrx_word' id='word_1_104' title='bbox 1437 1685 1540 1748; x_wconf 85' lang='grc' dir='ltr'>τὸν-</span> 
     </span>
     <span class='ocr_line' id='line_1_13' title="bbox 257 1792 1540 1877; baseline 0.002 -21"><span class='ocrx_word' id='word_1_105' title='bbox 257 1793 372 1872; x_wconf 91' lang='grc' dir='ltr'>μισθὸν</span> <span class='ocrx_word' id='word_1_106' title='bbox 397 1793 550 1871; x_wconf 86' lang='grc' dir='ltr'>λήψομαι.</span> <span class='ocrx_word' id='word_1_107' title='bbox 578 1795 662 1857; x_wconf 80' lang='grc'>1074</span> <span class='ocrx_word' id='word_1_108' title='bbox 688 1792 755 1877; x_wconf 84' lang='lat' dir='ltr'><strong>(tr.)</strong></span> <span class='ocrx_word' id='word_1_109' title='bbox 782 1793 810 1858; x_wconf 82' lang='grc' dir='ltr'>εἴ</span> <span class='ocrx_word' id='word_1_110' title='bbox 832 1795 1282 1873; x_wconf 61' lang='grc' dir='ltr'>τις-,θαυμάζεή-διδάξω,</span> <span class='ocrx_word' id='word_1_111' title='bbox 1308 1793 1366 1856; x_wconf 81' lang='grc' dir='ltr'><strong>κᾶν</strong></span> <span class='ocrx_word' id='word_1_112' title='bbox 1393 1793 1540 1874; x_wconf 86' lang='grc' dir='ltr'>ἄμουσος</span> 
     </span>
     <span class='ocr_line' id='line_1_14' title="bbox 256 1900 1053 1984; baseline 0.001 -21"><span class='ocrx_word' id='word_1_113' title='bbox 256 1901 275 1984; x_wconf 83' lang='grc' dir='ltr'>ῇ</span> <span class='ocrx_word' id='word_1_114' title='bbox 300 1902 337 1963; x_wconf 86' lang='grc' dir='ltr'><strong>τὸ</strong></span> <span class='ocrx_word' id='word_1_115' title='bbox 361 1901 433 1977; x_wconf 84' lang='grc' dir='ltr'>πρίν</span> <span class='ocrx_word' id='word_1_116' title='bbox 459 1901 606 1978; x_wconf 83' lang='lat' dir='ltr'><strong>„etiamsi</strong></span> <span class='ocrx_word' id='word_1_117' title='bbox 629 1900 780 1963; x_wconf 90' lang='lat' dir='ltr'><strong>indoctus</strong></span> <span class='ocrx_word' id='word_1_118' title='bbox 803 1902 901 1964; x_wconf 85' lang='lat' dir='ltr'><strong>fuerit</strong></span> <span class='ocrx_word' id='word_1_119' title='bbox 924 1906 1053 1964; x_wconf 83' lang='lat' dir='ltr'><strong>antea“.</strong></span> 
     </span>
    </p>

    <p class='ocr_par' dir='ltr' id='par_1_7' title="bbox 256 2006 1541 2516">
     <span class='ocr_line' id='line_1_15' title="bbox 301 2006 1541 2091; baseline 0.003 -21"><span class='ocrx_word' id='word_1_120' title='bbox 301 2007 338 2070; x_wconf 85' lang='lat' dir='ltr'><strong>L.</strong></span> <span class='ocrx_word' id='word_1_121' title='bbox 367 2009 427 2069; x_wconf 81' lang='lat'><strong>115</strong></span> <span class='ocrx_word' id='word_1_122' title='bbox 454 2010 517 2083; x_wconf 87' lang='grc' dir='ltr'><strong>ἐγὼ</strong></span> <span class='ocrx_word' id='word_1_123' title='bbox 541 2010 577 2071; x_wconf 96' lang='grc' dir='ltr'><strong>δέ</strong></span> <span class='ocrx_word' id='word_1_124' title='bbox 599 2006 630 2084; x_wconf 82' lang='grc' dir='ltr'><strong>γ’</strong></span> <span class='ocrx_word' id='word_1_125' title='bbox 655 2008 695 2072; x_wconf 88' lang='grc' dir='ltr'><strong>ἄν</strong></span> <span class='ocrx_word' id='word_1_126' title='bbox 719 2008 777 2090; x_wconf 89' lang='lat' dir='ltr'><strong>(sc.</strong></span> <span class='ocrx_word' id='word_1_127' title='bbox 803 2011 964 2090; x_wconf 83' lang='grc' dir='ltr'>ἐθέλοιμι),</span> <span class='ocrx_word' id='word_1_128' title='bbox 989 2011 1048 2076; x_wconf 84' lang='grc' dir='ltr'><strong>κᾶν</strong></span> <span class='ocrx_word' id='word_1_129' title='bbox 1067 2014 1207 2091; x_wconf 81' lang='grc' dir='ltr'>ὡσπερεὶ</span> <span class='ocrx_word' id='word_1_130' title='bbox 1225 2017 1349 2088; x_wconf 84' lang='grc' dir='ltr'>ψῆτταν</span> <span class='ocrx_word' id='word_1_131' title='bbox 1365 2016 1451 2074; x_wconf 89' lang='grc' dir='ltr'>δοκῶ</span> <span class='ocrx_word' id='word_1_132' title='bbox 1465 2014 1541 2076; x_wconf 87' lang='grc' dir='ltr'>δοθ-</span> 
     </span>
     <span class='ocr_line' id='line_1_16' title="bbox 256 2114 1540 2201; baseline 0.003 -24"><span class='ocrx_word' id='word_1_133' title='bbox 256 2134 308 2178; x_wconf 93' lang='grc' dir='ltr'><strong>ναι</strong></span> <span class='ocrx_word' id='word_1_134' title='bbox 331 2114 371 2177; x_wconf 88' lang='grc' dir='ltr'><strong>ἂν</strong></span> <span class='ocrx_word' id='word_1_135' title='bbox 394 2115 533 2191; x_wconf 82' lang='grc' dir='ltr'>ἐμαυτῆς</span> <span class='ocrx_word' id='word_1_136' title='bbox 556 2118 792 2193; x_wconf 86' lang='grc' dir='ltr'>παραταμοῖισα</span> <span class='ocrx_word' id='word_1_137' title='bbox 817 2117 944 2194; x_wconf 86' lang='grc' dir='ltr'>θῆμισυ,</span> <span class='ocrx_word' id='word_1_138' title='bbox 970 2120 1025 2198; x_wconf 90' lang='lat' dir='ltr'><strong>qui</strong></span> <span class='ocrx_word' id='word_1_139' title='bbox 1049 2119 1139 2182; x_wconf 90' lang='lat' dir='ltr'><strong>locus</strong></span> <span class='ocrx_word' id='word_1_140' title='bbox 1164 2124 1277 2201; x_wconf 87' lang='lat' dir='ltr'><strong>aperte</strong></span> <span class='ocrx_word' id='word_1_141' title='bbox 1301 2126 1470 2200; x_wconf 87' lang='lat' dir='ltr'><strong>corruptus</strong></span> <span class='ocrx_word' id='word_1_142' title='bbox 1494 2128 1540 2181; x_wconf 89' lang='lat' dir='ltr'><strong>est</strong></span> 
     </span>
     <span class='ocr_line' id='line_1_17' title="bbox 258 2220 1540 2308; baseline 0.005 -24"><span class='ocrx_word' id='word_1_143' title='bbox 258 2221 311 2303; x_wconf 86' lang='lat' dir='ltr'><strong>(cf.</strong></span> <span class='ocrx_word' id='word_1_144' title='bbox 336 2220 475 2284; x_wconf 84' lang='lat' dir='ltr'><strong>Schenk.</strong></span> <span class='ocrx_word' id='word_1_145' title='bbox 500 2240 533 2301; x_wconf 92' lang='lat' dir='ltr'><strong>p.</strong></span> <span class='ocrx_word' id='word_1_146' title='bbox 561 2220 603 2305; x_wconf 88' lang='lat'><strong>1).</strong></span> <span class='ocrx_word' id='word_1_147' title='bbox 629 2224 691 2284; x_wconf 85' lang='lat'><strong>123</strong></span> <span class='ocrx_word' id='word_1_148' title='bbox 716 2223 907 2302; x_wconf 87' lang='grc' dir='ltr'>ποιήσομεν,</span> <span class='ocrx_word' id='word_1_149' title='bbox 932 2225 990 2289; x_wconf 85' lang='grc' dir='ltr'><strong>κᾶν</strong></span> <span class='ocrx_word' id='word_1_150' title='bbox 1015 2226 1189 2291; x_wconf 85' lang='grc' dir='ltr'>ἀποθανεῖν</span> <span class='ocrx_word' id='word_1_151' title='bbox 1212 2227 1295 2305; x_wconf 80' lang='grc' dir='ltr'>ἡμᾶς</span> <span class='ocrx_word' id='word_1_152' title='bbox 1313 2229 1380 2308; x_wconf 88' lang='grc' dir='ltr'>δέῃ.</span> <span class='ocrx_word' id='word_1_153' title='bbox 1402 2229 1463 2289; x_wconf 87' lang='grc'><strong>133</strong></span> <span class='ocrx_word' id='word_1_154' title='bbox 1481 2227 1540 2290; x_wconf 85' lang='grc' dir='ltr'><strong>κᾶν</strong></span> 
     </span>
     <span class='ocr_line' id='line_1_18' title="bbox 257 2329 1539 2416; baseline 0.004 -23"><span class='ocrx_word' id='word_1_155' title='bbox 257 2351 294 2410; x_wconf 92' lang='grc' dir='ltr'>με</span> <span class='ocrx_word' id='word_1_156' title='bbox 317 2335 388 2410; x_wconf 84' lang='grc' dir='ltr'>χρῇ,</span> <span class='ocrx_word' id='word_1_157' title='bbox 413 2329 464 2391; x_wconf 89' lang='grc' dir='ltr'><strong>διὰ</strong></span> <span class='ocrx_word' id='word_1_158' title='bbox 487 2333 544 2391; x_wconf 85' lang='grc' dir='ltr'><strong>τοῦ</strong></span> <span class='ocrx_word' id='word_1_159' title='bbox 569 2329 673 2406; x_wconf 88' lang='grc' dir='ltr'>πυρὸς</span> <span class='ocrx_word' id='word_1_160' title='bbox 697 2330 798 2393; x_wconf 83' lang='grc' dir='ltr'>ἐθέλω</span> <span class='ocrx_word' id='word_1_161' title='bbox 824 2331 968 2409; x_wconf 80' lang='grc' dir='ltr'>βαδίζειν.</span> <span class='ocrx_word' id='word_1_162' title='bbox 1005 2336 1069 2397; x_wconf 84' lang='grc'><strong>499</strong></span> <span class='ocrx_word' id='word_1_163' title='bbox 1107 2333 1187 2416; x_wconf 87' lang='lat' dir='ltr'><strong>(an.)</strong></span> <span class='ocrx_word' id='word_1_164' title='bbox 1225 2334 1379 2413; x_wconf 88' lang='grc' dir='ltr'>σωθήσει,</span> <span class='ocrx_word' id='word_1_165' title='bbox 1417 2334 1476 2399; x_wconf 87' lang='grc' dir='ltr'><strong>κᾶν</strong></span> <span class='ocrx_word' id='word_1_166' title='bbox 1498 2333 1539 2412; x_wconf 89' lang='grc' dir='ltr'><strong>μή</strong></span> 
     </span>
     <span class='ocr_line' id='line_1_19' title="bbox 259 2436 370 2516; baseline -0.009 -17"><span class='ocrx_word' id='word_1_167' title='bbox 259 2436 370 2516; x_wconf 87' lang='grc' dir='ltr'>βούλῃ.</span> 
     </span>
    </p>

    <p class='ocr_par' dir='ltr' id='par_1_8' title="bbox 256 2541 1541 2837">
     <span class='ocr_line' id='line_1_20' title="bbox 300 2541 1539 2628; baseline 0.004 -24"><span class='ocrx_word' id='word_1_168' title='bbox 300 2542 342 2604; x_wconf 82' lang='lat' dir='ltr'><strong>R.</strong></span> <span class='ocrx_word' id='word_1_169' title='bbox 368 2545 430 2605; x_wconf 83' lang='lat'><strong>265</strong></span> <span class='ocrx_word' id='word_1_170' title='bbox 457 2541 546 2625; x_wconf 84' lang='lat' dir='ltr'><strong>(lyr.)</strong></span> <span class='ocrx_word' id='word_1_171' title='bbox 572 2543 876 2622; x_wconf 83' lang='grc' dir='ltr'>κεκράξομαι,-κᾶν</span> <span class='ocrx_word' id='word_1_172' title='bbox 900 2547 955 2626; x_wconf 89' lang='grc' dir='ltr'><strong>δέῃ</strong></span> <span class='ocrx_word' id='word_1_173' title='bbox 982 2542 1021 2609; x_wconf 85' lang='grc' dir='ltr'><strong>δι’</strong></span> <span class='ocrx_word' id='word_1_174' title='bbox 1046 2547 1177 2626; x_wconf 82' lang='grc' dir='ltr'>ἡμέρας,</span> <span class='ocrx_word' id='word_1_175' title='bbox 1215 2549 1271 2612; x_wconf 91' lang='lat' dir='ltr'><strong>ubi</strong></span> <span class='ocrx_word' id='word_1_176' title='bbox 1306 2547 1364 2611; x_wconf 85' lang='grc' dir='ltr'><strong>κᾶν</strong></span> <span class='ocrx_word' id='word_1_177' title='bbox 1396 2549 1451 2628; x_wconf 90' lang='grc' dir='ltr'><strong>δέῃ</strong></span> <span class='ocrx_word' id='word_1_178' title='bbox 1478 2545 1539 2610; x_wconf 81' lang='lat' dir='ltr'><strong>(lo-</strong></span> 
     </span>
     <span class='ocr_line' id='line_1_21' title="bbox 256 2651 1541 2738; baseline 0.003 -22"><span class='ocrx_word' id='word_1_179' title='bbox 256 2653 350 2716; x_wconf 89' lang='lat' dir='ltr'><strong>betus</strong></span> <span class='ocrx_word' id='word_1_180' title='bbox 373 2651 472 2714; x_wconf 89' lang='lat' dir='ltr'><strong>scribi</strong></span> <span class='ocrx_word' id='word_1_181' title='bbox 495 2651 585 2713; x_wconf 91' lang='lat' dir='ltr'><strong>iussit</strong></span> <span class='ocrx_word' id='word_1_182' title='bbox 607 2670 668 2732; x_wconf 86' lang='lat' dir='ltr'><strong>pro</strong></span> <span class='ocrx_word' id='word_1_183' title='bbox 693 2651 752 2715; x_wconf 86' lang='grc' dir='ltr'><strong>κᾶν</strong></span> <span class='ocrx_word' id='word_1_184' title='bbox 777 2673 813 2730; x_wconf 92' lang='grc' dir='ltr'>με</span> <span class='ocrx_word' id='word_1_185' title='bbox 837 2657 875 2734; x_wconf 79' lang='grc' dir='ltr'><strong>δή</strong></span> <span class='ocrx_word' id='word_1_186' title='bbox 901 2652 1059 2729; x_wconf 90' lang='lat' dir='ltr'><strong>codicum,</strong></span> <span class='ocrx_word' id='word_1_187' title='bbox 1086 2654 1126 2717; x_wconf 95' lang='lat' dir='ltr'><strong>de</strong></span> <span class='ocrx_word' id='word_1_188' title='bbox 1151 2673 1217 2738; x_wconf 89' lang='lat' dir='ltr'><strong>qua</strong></span> <span class='ocrx_word' id='word_1_189' title='bbox 1241 2657 1429 2721; x_wconf 87' lang='lat' dir='ltr'><strong>coniectura</strong></span> <span class='ocrx_word' id='word_1_190' title='bbox 1461 2653 1541 2738; x_wconf 87' lang='lat' dir='ltr'><strong>quid</strong></span> 
     </span>
     <span class='ocr_line' id='line_1_22' title="bbox 257 2761 816 2837; baseline 0 -12"><span class='ocrx_word' id='word_1_191' title='bbox 257 2763 404 2837; x_wconf 81' lang='lat' dir='ltr'><strong>sentiam,</strong></span> <span class='ocrx_word' id='word_1_192' title='bbox 430 2761 507 2825; x_wconf 88' lang='lat' dir='ltr'><strong>vide</strong></span> <span class='ocrx_word' id='word_1_193' title='bbox 531 2762 640 2825; x_wconf 89' lang='lat' dir='ltr'><strong>statim</strong></span> <span class='ocrx_word' id='word_1_194' title='bbox 664 2762 714 2826; x_wconf 93' lang='lat' dir='ltr'><strong>Pl.</strong></span> <span class='ocrx_word' id='word_1_195' title='bbox 741 2765 816 2827; x_wconf 92' lang='grc'>216.</span> 
     </span>
    </p>

    <p class='ocr_par' dir='ltr' id='par_1_9' title="bbox 255 2865 1543 4681">
     <span class='ocr_line' id='line_1_23' title="bbox 300 2865 1541 2956; baseline 0.002 -25"><span class='ocrx_word' id='word_1_196' title='bbox 300 2869 351 2933; x_wconf 91' lang='lat' dir='ltr'><strong>Pl.</strong></span> <span class='ocrx_word' id='word_1_197' title='bbox 378 2872 441 2932; x_wconf 87' lang='grc'>216</span> <span class='ocrx_word' id='word_1_198' title='bbox 466 2869 525 2934; x_wconf 85' lang='grc' dir='ltr'><strong>κᾶν</strong></span> <span class='ocrx_word' id='word_1_199' title='bbox 548 2875 606 2951; x_wconf 86' lang='grc' dir='ltr'><strong>χρῇ</strong></span> <span class='ocrx_word' id='word_1_200' title='bbox 632 2865 663 2948; x_wconf 82' lang='grc' dir='ltr'><strong>μ’</strong></span> <span class='ocrx_word' id='word_1_201' title='bbox 681 2871 1076 2951; x_wconf 83' lang='grc' dir='ltr'>ἀποθανεῖν,-διαπράξω</span> <span class='ocrx_word' id='word_1_202' title='bbox 1094 2876 1202 2951; x_wconf 81' lang='grc' dir='ltr'>ταῦτα,</span> <span class='ocrx_word' id='word_1_203' title='bbox 1217 2874 1273 2936; x_wconf 91' lang='lat' dir='ltr'><strong>ubi</strong></span> <span class='ocrx_word' id='word_1_204' title='bbox 1290 2879 1347 2956; x_wconf 84' lang='grc' dir='ltr'><strong>χρῇ</strong></span> <span class='ocrx_word' id='word_1_205' title='bbox 1366 2871 1541 2936; x_wconf 86' lang='lat' dir='ltr'><strong>abeodem</strong></span> 
     </span>
     <span class='ocr_line' id='line_1_24' title="bbox 257 2974 1541 3063; baseline -0.001 -22"><span class='ocrx_word' id='word_1_206' title='bbox 257 2974 381 3041; x_wconf 80' lang='lat' dir='ltr'><strong>Cobeto</strong></span> <span class='ocrx_word' id='word_1_207' title='bbox 406 2996 464 3061; x_wconf 90' lang='lat' dir='ltr'><strong>pro</strong></span> <span class='ocrx_word' id='word_1_208' title='bbox 488 2982 537 3041; x_wconf 89' lang='grc' dir='ltr'>δεῖ</span> <span class='ocrx_word' id='word_1_209' title='bbox 561 2977 710 3040; x_wconf 88' lang='lat' dir='ltr'><strong>codicum</strong></span> <span class='ocrx_word' id='word_1_210' title='bbox 734 2980 942 3042; x_wconf 90' lang='lat' dir='ltr'><strong>substitutum</strong></span> <span class='ocrx_word' id='word_1_211' title='bbox 968 2985 1024 3042; x_wconf 89' lang='lat' dir='ltr'><strong>est.</strong></span> <span class='ocrx_word' id='word_1_212' title='bbox 1050 2979 1229 3044; x_wconf 85' lang='lat' dir='ltr'><strong>Abiudicat</strong></span> <span class='ocrx_word' id='word_1_213' title='bbox 1252 2982 1352 3063; x_wconf 82' lang='lat' dir='ltr'><strong>igitur</strong></span> <span class='ocrx_word' id='word_1_214' title='bbox 1389 2982 1429 3044; x_wconf 88' lang='lat' dir='ltr'><strong>ab</strong></span> <span class='ocrx_word' id='word_1_215' title='bbox 1455 2978 1541 3041; x_wconf 87' lang='lat' dir='ltr'><strong>Atti-</strong></span> 
     </span>
     <span class='ocr_line' id='line_1_25' title="bbox 257 3087 1541 3171; baseline 0.001 -23"><span class='ocrx_word' id='word_1_216' title='bbox 257 3088 303 3148; x_wconf 90' lang='lat' dir='ltr'><strong>cis</strong></span> <span class='ocrx_word' id='word_1_217' title='bbox 327 3087 581 3150; x_wconf 85' lang='lat' dir='ltr'><strong>eontractionem</strong></span> <span class='ocrx_word' id='word_1_218' title='bbox 606 3089 686 3170; x_wconf 46' lang='grc' dir='ltr'>εήῃ</span> <span class='ocrx_word' id='word_1_219' title='bbox 711 3088 745 3148; x_wconf 91' lang='lat' dir='ltr'><strong>in</strong></span> <span class='ocrx_word' id='word_1_220' title='bbox 768 3089 857 3150; x_wconf 88' lang='lat' dir='ltr'><strong>exitu</strong></span> <span class='ocrx_word' id='word_1_221' title='bbox 881 3090 1066 3165; x_wconf 83' lang='lat' dir='ltr'><strong>verborum,</strong></span> <span class='ocrx_word' id='word_1_222' title='bbox 1083 3107 1168 3171; x_wconf 85' lang='lat' dir='ltr'><strong>quae</strong></span> <span class='ocrx_word' id='word_1_223' title='bbox 1185 3089 1264 3152; x_wconf 84' lang='lat' dir='ltr'><strong>duas</strong></span> <span class='ocrx_word' id='word_1_224' title='bbox 1277 3089 1420 3170; x_wconf 88' lang='lat' dir='ltr'><strong>syllabas</strong></span> <span class='ocrx_word' id='word_1_225' title='bbox 1438 3090 1541 3151; x_wconf 90' lang='lat' dir='ltr'><strong>conti-</strong></span> 
     </span>
     <span class='ocr_line' id='line_1_26' title="bbox 256 3190 1541 3274; baseline 0 -17"><span class='ocrx_word' id='word_1_226' title='bbox 256 3199 343 3257; x_wconf 86' lang='lat' dir='ltr'><strong>nent.</strong></span> <span class='ocrx_word' id='word_1_227' title='bbox 371 3190 466 3274; x_wconf 75' lang='lat' dir='ltr'><strong>Quod</strong></span> <span class='ocrx_word' id='word_1_228' title='bbox 489 3195 571 3255; x_wconf 92' lang='lat' dir='ltr'><strong>mihi</strong></span> <span class='ocrx_word' id='word_1_229' title='bbox 595 3213 687 3256; x_wconf 90' lang='lat' dir='ltr'><strong>secus</strong></span> <span class='ocrx_word' id='word_1_230' title='bbox 712 3193 851 3258; x_wconf 89' lang='lat' dir='ltr'><strong>videtur.</strong></span> <span class='ocrx_word' id='word_1_231' title='bbox 875 3195 960 3258; x_wconf 91' lang='lat' dir='ltr'><strong>Nam</strong></span> <span class='ocrx_word' id='word_1_232' title='bbox 986 3197 1044 3259; x_wconf 89' lang='lat' dir='ltr'><strong>etsi</strong></span> <span class='ocrx_word' id='word_1_233' title='bbox 1080 3197 1280 3259; x_wconf 88' lang='lat' dir='ltr'><strong>rarissimum</strong></span> <span class='ocrx_word' id='word_1_234' title='bbox 1316 3198 1378 3258; x_wconf 93' lang='lat' dir='ltr'><strong>hoc</strong></span> <span class='ocrx_word' id='word_1_235' title='bbox 1409 3200 1466 3271; x_wconf 84' lang='lat' dir='ltr'><strong>est,</strong></span> <span class='ocrx_word' id='word_1_236' title='bbox 1493 3201 1541 3258; x_wconf 88' lang='lat' dir='ltr'><strong>ta-</strong></span> 
     </span>
     <span class='ocr_line' id='line_1_27' title="bbox 256 3302 1542 3386; baseline 0 -18"><span class='ocrx_word' id='word_1_237' title='bbox 256 3323 331 3368; x_wconf 88' lang='lat' dir='ltr'><strong>men</strong></span> <span class='ocrx_word' id='word_1_238' title='bbox 356 3302 595 3383; x_wconf 67' lang='lat' dir='ltr'><strong>aliquotiens,</strong></span> <span class='ocrx_word' id='word_1_239' title='bbox 631 3303 745 3384; x_wconf 86' lang='lat' dir='ltr'><strong>paucis</strong></span> <span class='ocrx_word' id='word_1_240' title='bbox 777 3303 843 3365; x_wconf 89' lang='lat' dir='ltr'><strong>illis</strong></span> <span class='ocrx_word' id='word_1_241' title='bbox 882 3304 1022 3384; x_wconf 87' lang='lat' dir='ltr'><strong>quidem,</strong></span> <span class='ocrx_word' id='word_1_242' title='bbox 1058 3309 1090 3368; x_wconf 89' lang='lat' dir='ltr'><strong>et</strong></span> <span class='ocrx_word' id='word_1_243' title='bbox 1122 3306 1222 3386; x_wconf 88' lang='lat' dir='ltr'><strong>ipsius</strong></span> <span class='ocrx_word' id='word_1_244' title='bbox 1256 3303 1485 3386; x_wconf 87' lang='lat' dir='ltr'><strong>Aristophanis</strong></span> <span class='ocrx_word' id='word_1_245' title='bbox 1509 3309 1542 3368; x_wconf 87' lang='lat' dir='ltr'><strong>et</strong></span> 
     </span>
     <span class='ocr_line' id='line_1_28' title="bbox 257 3409 1541 3495; baseline 0.001 -22"><span class='ocrx_word' id='word_1_246' title='bbox 257 3412 396 3474; x_wconf 84' lang='lat' dir='ltr'><strong>aliorum</strong></span> <span class='ocrx_word' id='word_1_247' title='bbox 422 3409 612 3473; x_wconf 89' lang='lat' dir='ltr'><strong>comoediae</strong></span> <span class='ocrx_word' id='word_1_248' title='bbox 637 3413 829 3493; x_wconf 89' lang='lat' dir='ltr'><strong>scriptorum</strong></span> <span class='ocrx_word' id='word_1_249' title='bbox 855 3413 1039 3474; x_wconf 86' lang='lat' dir='ltr'><strong>confirmari</strong></span> <span class='ocrx_word' id='word_1_250' title='bbox 1064 3412 1202 3475; x_wconf 89' lang='lat' dir='ltr'><strong>videtur.</strong></span> <span class='ocrx_word' id='word_1_251' title='bbox 1239 3410 1337 3495; x_wconf 82' lang='lat' dir='ltr'><strong>Apud</strong></span> <span class='ocrx_word' id='word_1_252' title='bbox 1375 3409 1430 3474; x_wconf 81' lang='lat' dir='ltr'><strong>Ar.</strong></span> <span class='ocrx_word' id='word_1_253' title='bbox 1464 3430 1541 3474; x_wconf 90' lang='lat' dir='ltr'><strong>con·</strong></span> 
     </span>
     <span class='ocr_line' id='line_1_29' title="bbox 258 3517 1542 3599; baseline 0 -18"><span class='ocrx_word' id='word_1_254' title='bbox 258 3523 363 3581; x_wconf 87' lang='lat' dir='ltr'><strong>tracta</strong></span> <span class='ocrx_word' id='word_1_255' title='bbox 387 3517 585 3581; x_wconf 88' lang='lat' dir='ltr'><strong>coniunctivi</strong></span> <span class='ocrx_word' id='word_1_256' title='bbox 610 3519 715 3580; x_wconf 87' lang='lat' dir='ltr'><strong>forma</strong></span> <span class='ocrx_word' id='word_1_257' title='bbox 739 3520 913 3582; x_wconf 89' lang='lat' dir='ltr'><strong>verborum</strong></span> <span class='ocrx_word' id='word_1_258' title='bbox 937 3525 1004 3599; x_wconf 88' lang='grc' dir='ltr'>χεῑν</span> <span class='ocrx_word' id='word_1_259' title='bbox 1029 3526 1062 3582; x_wconf 92' lang='lat' dir='ltr'><strong>et</strong></span> <span class='ocrx_word' id='word_1_260' title='bbox 1078 3525 1145 3583; x_wconf 90' lang='grc' dir='ltr'>δεῖν</span> <span class='ocrx_word' id='word_1_261' title='bbox 1162 3519 1287 3584; x_wconf 89' lang='lat' dir='ltr'><strong>duobus</strong></span> <span class='ocrx_word' id='word_1_262' title='bbox 1303 3519 1444 3581; x_wconf 90' lang='lat' dir='ltr'><strong>maxime</strong></span> <span class='ocrx_word' id='word_1_263' title='bbox 1461 3517 1542 3581; x_wconf 92' lang='lat' dir='ltr'><strong>locis</strong></span> 
     </span>
     <span class='ocr_line' id='line_1_30' title="bbox 258 3625 1541 3708; baseline -0.001 -19"><span class='ocrx_word' id='word_1_264' title='bbox 258 3626 441 3690; x_wconf 89' lang='lat' dir='ltr'><strong>defenditur</strong></span> <span class='ocrx_word' id='word_1_265' title='bbox 475 3625 515 3687; x_wconf 87' lang='lat' dir='ltr'><strong>V.</strong></span> <span class='ocrx_word' id='word_1_266' title='bbox 541 3629 604 3689; x_wconf 91' lang='grc'><strong>616</strong></span> <span class='ocrx_word' id='word_1_267' title='bbox 630 3631 662 3690; x_wconf 90' lang='lat' dir='ltr'><strong>et</strong></span> <span class='ocrx_word' id='word_1_268' title='bbox 684 3627 734 3690; x_wconf 90' lang='lat' dir='ltr'><strong>Pi.</strong></span> <span class='ocrx_word' id='word_1_269' title='bbox 772 3630 846 3706; x_wconf 87' lang='grc'>216,</span> <span class='ocrx_word' id='word_1_270' title='bbox 878 3646 958 3708; x_wconf 90' lang='lat' dir='ltr'><strong>quos</strong></span> <span class='ocrx_word' id='word_1_271' title='bbox 994 3629 1055 3691; x_wconf 91' lang='lat' dir='ltr'><strong>nisi</strong></span> <span class='ocrx_word' id='word_1_272' title='bbox 1091 3630 1174 3691; x_wconf 89' lang='lat' dir='ltr'><strong>iusto</strong></span> <span class='ocrx_word' id='word_1_273' title='bbox 1211 3628 1384 3690; x_wconf 87' lang='lat' dir='ltr'><strong>violentius</strong></span> <span class='ocrx_word' id='word_1_274' title='bbox 1413 3631 1541 3704; x_wconf 89' lang='lat' dir='ltr'><strong>tractes,</strong></span> 
     </span>
     <span class='ocr_line' id='line_1_31' title="bbox 257 3733 1542 3814; baseline 0 -18"><span class='ocrx_word' id='word_1_275' title='bbox 257 3733 516 3814; x_wconf 75' lang='lat' dir='ltr'><strong>monosyllabon</strong></span> <span class='ocrx_word' id='word_1_276' title='bbox 540 3735 678 3796; x_wconf 88' lang='lat' dir='ltr'><strong>t&#39;ormam</strong></span> <span class='ocrx_word' id='word_1_277' title='bbox 702 3755 767 3798; x_wconf 91' lang='lat' dir='ltr'><strong>non</strong></span> <span class='ocrx_word' id='word_1_278' title='bbox 802 3737 934 3800; x_wconf 85' lang='lat' dir='ltr'><strong>vitabis.</strong></span> <span class='ocrx_word' id='word_1_279' title='bbox 971 3735 1096 3798; x_wconf 82' lang='lat' dir='ltr'><strong>Eadem</strong></span> <span class='ocrx_word' id='word_1_280' title='bbox 1130 3737 1163 3797; x_wconf 91' lang='lat' dir='ltr'><strong>in</strong></span> <span class='ocrx_word' id='word_1_281' title='bbox 1197 3736 1238 3799; x_wconf 88' lang='lat' dir='ltr'><strong>R.</strong></span> <span class='ocrx_word' id='word_1_282' title='bbox 1264 3737 1326 3798; x_wconf 82' lang='grc'>265</span> <span class='ocrx_word' id='word_1_283' title='bbox 1358 3735 1450 3796; x_wconf 88' lang='lat' dir='ltr'><strong>verbi</strong></span> <span class='ocrx_word' id='word_1_284' title='bbox 1473 3737 1542 3797; x_wconf 92' lang='grc' dir='ltr'>δεῖν</span> 
     </span>
     <span class='ocr_line' id='line_1_32' title="bbox 255 3840 1539 3924; baseline -0.002 -19"><span class='ocrx_word' id='word_1_285' title='bbox 255 3847 359 3906; x_wconf 90' lang='lat' dir='ltr'><strong>metro</strong></span> <span class='ocrx_word' id='word_1_286' title='bbox 383 3840 576 3924; x_wconf 85' lang='lat' dir='ltr'><strong>postulatur,</strong></span> <span class='ocrx_word' id='word_1_287' title='bbox 602 3859 802 3924; x_wconf 88' lang='lat' dir='ltr'><strong>quemquam</strong></span> <span class='ocrx_word' id='word_1_288' title='bbox 824 3845 880 3906; x_wconf 91' lang='lat' dir='ltr'><strong>hic</strong></span> <span class='ocrx_word' id='word_1_289' title='bbox 906 3844 1086 3907; x_wconf 87' lang='lat' dir='ltr'><strong>faciliorem</strong></span> <span class='ocrx_word' id='word_1_290' title='bbox 1111 3846 1345 3907; x_wconf 90' lang='lat' dir='ltr'><strong>correctionem</strong></span> <span class='ocrx_word' id='word_1_291' title='bbox 1385 3842 1539 3905; x_wconf 88' lang='lat' dir='ltr'><strong>admittit.</strong></span> 
     </span>
     <span class='ocr_line' id='line_1_33' title="bbox 258 3947 1543 4032; baseline -0.002 -19"><span class='ocrx_word' id='word_1_292' title='bbox 258 3951 309 4013; x_wconf 82' lang='lat' dir='ltr'><strong>Ex</strong></span> <span class='ocrx_word' id='word_1_293' title='bbox 348 3950 536 4032; x_wconf 82' lang='lat' dir='ltr'><strong>fragmentis</strong></span> <span class='ocrx_word' id='word_1_294' title='bbox 575 3950 775 4012; x_wconf 90' lang='lat' dir='ltr'><strong>comicorum</strong></span> <span class='ocrx_word' id='word_1_295' title='bbox 815 3949 879 4012; x_wconf 89' lang='lat' dir='ltr'><strong>duo</strong></span> <span class='ocrx_word' id='word_1_296' title='bbox 919 3951 1069 4032; x_wconf 88' lang='lat' dir='ltr'><strong>exempla</strong></span> <span class='ocrx_word' id='word_1_297' title='bbox 1103 3951 1318 4032; x_wconf 72' lang='lat' dir='ltr'><strong>monosyllabi</strong></span> <span class='ocrx_word' id='word_1_298' title='bbox 1354 3950 1409 4032; x_wconf 86' lang='grc' dir='ltr'><strong>δέῃ</strong></span> <span class='ocrx_word' id='word_1_299' title='bbox 1449 3947 1543 4010; x_wconf 87' lang='lat' dir='ltr'><strong>affert</strong></span> 
     </span>
     <span class='ocr_line' id='line_1_34' title="bbox 257 4057 1541 4123; baseline -0.001 -2"><span class='ocrx_word' id='word_1_300' title='bbox 257 4059 405 4123; x_wconf 86' lang='lat' dir='ltr'><strong>Kockius</strong></span> <span class='ocrx_word' id='word_1_301' title='bbox 425 4057 467 4121; x_wconf 94' lang='lat' dir='ltr'><strong>ad</strong></span> <span class='ocrx_word' id='word_1_302' title='bbox 488 4058 530 4121; x_wconf 82' lang='lat' dir='ltr'><strong>R.</strong></span> <span class='ocrx_word' id='word_1_303' title='bbox 557 4061 630 4121; x_wconf 82' lang='lat'><strong>265.</strong></span> <span class='ocrx_word' id='word_1_304' title='bbox 656 4058 834 4120; x_wconf 87' lang='lat' dir='ltr'><strong>Praeterea</strong></span> <span class='ocrx_word' id='word_1_305' title='bbox 846 4079 885 4121; x_wconf 92' lang='lat' dir='ltr'><strong>ex</strong></span> <span class='ocrx_word' id='word_1_306' title='bbox 910 4059 1011 4122; x_wconf 88' lang='lat' dir='ltr'><strong>titulis</strong></span> <span class='ocrx_word' id='word_1_307' title='bbox 1023 4059 1139 4123; x_wconf 87' lang='lat' dir='ltr'><strong>Atticis</strong></span> <span class='ocrx_word' id='word_1_308' title='bbox 1153 4060 1275 4123; x_wconf 86' lang='lat' dir='ltr'><strong>saeculi</strong></span> <span class='ocrx_word' id='word_1_309' title='bbox 1291 4059 1338 4122; x_wconf 96' lang='lat' dir='ltr'><strong>IV</strong></span> <span class='ocrx_word' id='word_1_310' title='bbox 1353 4061 1541 4120; x_wconf 84' lang='lat' dir='ltr'><strong>contractae</strong></span> 
     </span>
     <span class='ocr_line' id='line_1_35' title="bbox 258 4164 1540 4250; baseline -0.003 -20"><span class='ocrx_word' id='word_1_311' title='bbox 258 4167 458 4230; x_wconf 90' lang='lat' dir='ltr'><strong>coniunctivi</strong></span> <span class='ocrx_word' id='word_1_312' title='bbox 481 4166 606 4228; x_wconf 85' lang='lat' dir='ltr'><strong>formae</strong></span> <span class='ocrx_word' id='word_1_313' title='bbox 629 4164 693 4228; x_wconf 92' lang='lat' dir='ltr'><strong>duo</strong></span> <span class='ocrx_word' id='word_1_314' title='bbox 719 4167 868 4248; x_wconf 86' lang='lat' dir='ltr'><strong>exempla</strong></span> <span class='ocrx_word' id='word_1_315' title='bbox 891 4167 1044 4231; x_wconf 83' lang='lat' dir='ltr'><strong>feruntur:</strong></span> <span class='ocrx_word' id='word_1_316' title='bbox 1070 4169 1207 4232; x_wconf 87' lang='lat' dir='ltr'><strong>alterum</strong></span> <span class='ocrx_word' id='word_1_317' title='bbox 1237 4169 1271 4250; x_wconf 83' lang='lat' dir='ltr'><strong>(a</strong></span> <span class='ocrx_word' id='word_1_318' title='bbox 1293 4166 1540 4229; x_wconf 86' lang='lat' dir='ltr'><strong>Meisterhansio</strong></span> 
     </span>
     <span class='ocr_line' id='line_1_36' title="bbox 257 4273 1539 4359; baseline 0.002 -22"><span class='ocrx_word' id='word_1_319' title='bbox 257 4296 289 4359; x_wconf 93' lang='lat' dir='ltr'><strong>p.</strong></span> <span class='ocrx_word' id='word_1_320' title='bbox 317 4280 380 4339; x_wconf 82' lang='grc'><strong>140</strong></span> <span class='ocrx_word' id='word_1_321' title='bbox 405 4275 554 4358; x_wconf 89' lang='lat' dir='ltr'><strong>citatum)</strong></span> <span class='ocrx_word' id='word_1_322' title='bbox 579 4273 880 4354; x_wconf 62' lang='lat' dir='ltr'><strong>apostatabunt</strong></span> <span class='ocrx_word' id='word_1_323' title='bbox 906 4276 995 4358; x_wconf 88' lang='grc'>320),</span> <span class='ocrx_word' id='word_1_324' title='bbox 1021 4295 1234 4358; x_wconf 87' lang='lat' dir='ltr'><strong>quaecunque</strong></span> <span class='ocrx_word' id='word_1_325' title='bbox 1259 4281 1307 4339; x_wconf 88' lang='lat' dir='ltr'><strong>est</strong></span> <span class='ocrx_word' id='word_1_326' title='bbox 1343 4276 1411 4338; x_wconf 90' lang='lat' dir='ltr'><strong>eius</strong></span> <span class='ocrx_word' id='word_1_327' title='bbox 1436 4276 1539 4357; x_wconf 82' lang='lat' dir='ltr'><strong>origo,</strong></span> 
     </span>
     <span class='ocr_line' id='line_1_37' title="bbox 259 4380 1539 4468; baseline 0.002 -26"><span class='ocrx_word' id='word_1_328' title='bbox 259 4381 397 4443; x_wconf 87' lang='lat' dir='ltr'><strong>alterum</strong></span> <span class='ocrx_word' id='word_1_329' title='bbox 421 4380 680 4463; x_wconf 86' lang='lat' dir='ltr'><strong>(Dittenbergeri</strong></span> <span class='ocrx_word' id='word_1_330' title='bbox 705 4380 835 4464; x_wconf 82' lang='lat' dir='ltr'><strong>Sylloge</strong></span> <span class='ocrx_word' id='word_1_331' title='bbox 862 4385 934 4458; x_wconf 89' lang='grc'>126,</span> <span class='ocrx_word' id='word_1_332' title='bbox 961 4387 994 4460; x_wconf 83' lang='lat'><strong>8)</strong></span> <span class='ocrx_word' id='word_1_333' title='bbox 1030 4385 1087 4448; x_wconf 88' lang='grc' dir='ltr'><strong>ἐὰν</strong></span> <span class='ocrx_word' id='word_1_334' title='bbox 1122 4387 1156 4447; x_wconf 86' lang='grc' dir='ltr'><strong>δὲ</strong></span> <span class='ocrx_word' id='word_1_335' title='bbox 1193 4388 1242 4448; x_wconf 91' lang='grc' dir='ltr'>δεῖ</span> <span class='ocrx_word' id='word_1_336' title='bbox 1266 4382 1357 4464; x_wconf 88' lang='lat' dir='ltr'><strong>(anni</strong></span> <span class='ocrx_word' id='word_1_337' title='bbox 1382 4384 1539 4468; x_wconf 83' lang='lat'>304-3),</span> 
     </span>
     <span class='ocr_line' id='line_1_38' title="bbox 260 4486 1541 4575; baseline 0.002 -25"><span class='ocrx_word' id='word_1_338' title='bbox 260 4487 300 4550; x_wconf 90' lang='lat' dir='ltr'><strong>de</strong></span> <span class='ocrx_word' id='word_1_339' title='bbox 325 4506 388 4568; x_wconf 91' lang='lat' dir='ltr'><strong>qno</strong></span> <span class='ocrx_word' id='word_1_340' title='bbox 412 4489 691 4572; x_wconf 83' lang='lat' dir='ltr'><strong>Dittenbergerus:</strong></span> <span class='ocrx_word' id='word_1_341' title='bbox 719 4486 926 4567; x_wconf 77' lang='lat' dir='ltr'><strong>„Contractio</strong></span> <span class='ocrx_word' id='word_1_342' title='bbox 952 4491 1035 4553; x_wconf 88' lang='lat' dir='ltr'><strong>coni.</strong></span> <span class='ocrx_word' id='word_1_343' title='bbox 1061 4492 1116 4575; x_wconf 89' lang='grc' dir='ltr'><strong>δέῃ</strong></span> <span class='ocrx_word' id='word_1_344' title='bbox 1142 4493 1174 4554; x_wconf 93' lang='lat' dir='ltr'><strong>in</strong></span> <span class='ocrx_word' id='word_1_345' title='bbox 1198 4495 1236 4573; x_wconf 86' lang='grc' dir='ltr'><strong>δῇ</strong></span> <span class='ocrx_word' id='word_1_346' title='bbox 1263 4491 1371 4554; x_wconf 89' lang='lat' dir='ltr'><strong>aliena</strong></span> <span class='ocrx_word' id='word_1_347' title='bbox 1393 4491 1452 4554; x_wconf 86' lang='lat' dir='ltr'><strong>illa</strong></span> <span class='ocrx_word' id='word_1_348' title='bbox 1468 4492 1541 4571; x_wconf 80' lang='lat' dir='ltr'><strong>qui-</strong></span> 
     </span>
     <span class='ocr_line' id='line_1_39' title="bbox 260 4593 1536 4681; baseline 0.005 -25"><span class='ocrx_word' id='word_1_349' title='bbox 260 4593 332 4656; x_wconf 86' lang='lat' dir='ltr'><strong>dem</strong></span> <span class='ocrx_word' id='word_1_350' title='bbox 357 4614 377 4656; x_wconf 88' lang='lat' dir='ltr'><strong>a</strong></span> <span class='ocrx_word' id='word_1_351' title='bbox 400 4615 513 4659; x_wconf 89' lang='lat' dir='ltr'><strong>severo</strong></span> <span class='ocrx_word' id='word_1_352' title='bbox 538 4597 722 4675; x_wconf 89' lang='lat' dir='ltr'><strong>Atticismo‚</strong></span> <span class='ocrx_word' id='word_1_353' title='bbox 748 4597 804 4660; x_wconf 91' lang='lat' dir='ltr'><strong>sed</strong></span> <span class='ocrx_word' id='word_1_354' title='bbox 820 4617 1020 4678; x_wconf 77' lang='lat' dir='ltr'><strong>nequaquam</strong></span> <span class='ocrx_word' id='word_1_355' title='bbox 1036 4599 1195 4678; x_wconf 80' lang='lat' dir='ltr'><strong>inaudito,</strong></span> <span class='ocrx_word' id='word_1_356' title='bbox 1211 4604 1243 4663; x_wconf 89' lang='lat' dir='ltr'><strong>et</strong></span> <span class='ocrx_word' id='word_1_357' title='bbox 1258 4598 1419 4681; x_wconf 89' lang='lat' dir='ltr'><strong>scriptura</strong></span> <span class='ocrx_word' id='word_1_358' title='bbox 1431 4601 1536 4681; x_wconf 89' lang='lat' dir='ltr'><strong>quert&#39;</strong></span> 
     </span>
    </p>
   </div>
   <div class='ocr_carea' id='block_1_5' title="bbox 0 0 1742 5390">
    <p class='ocr_par' dir='ltr' id='par_1_10' title="bbox 0 0 1742 5390">
     <span class='ocr_line' id='line_1_40' title="bbox 0 0 1742 5390; baseline 0 0"><span class='ocrx_word' id='word_1_359' title='bbox 0 0 1742 5390; x_wconf 95' lang='lat' dir='ltr'><strong> </strong></span> 
     </span>
    </p>
   </div>
  </div>
 </body>
</html>
