3468 5390
864 449 1065 510 -102-

289 608 371 667 ·vix
394 626 475 669 vera
497 613 553 671 est:
577 626 743 689 nunquam
768 607 854 669 enim
879 606 960 669 alibi
983 605 1017 668 in
1042 605 1290 669 condicionibus
1305 606 1422 688 logicis
1438 604 1522 688 apud
1536 605 1594 668 Ar.

313 715 396 776 haec
421 715 573 796 apodosis
595 716 723 798 legitur,
750 734 788 777 ac
812 715 839 778 si
862 715 925 775 hoe
958 713 1115 776 voluisset
1150 714 1303 792 comicus,
1337 714 1365 777 τί
1400 711 1427 777 δ’
1459 714 1498 790 ἤν
1521 730 1591 774 cum

312 821 409 899 coni,
434 826 470 882 ut
493 823 692 903 saepissime,
717 821 859 884 dixisset.
885 819 929 886 m
952 821 1019 886 ἐπεί
1042 822 1097 884 hic
1121 823 1322 904 aptissimum
1341 826 1463 886 estnec
1480 821 1519 884 ab
1535 819 1594 882 Ar.

313 945 371 988 usn
397 926 549 989 alienum:
573 947 648 990 nam
675 946 792 1009 ,saepe
818 926 874 1007 (te
899 925 994 1010 locis)
1020 927 1109 1008 quod
1132 929 1359 992 coniunctione
1383 927 1449 994 ὲπέί
1480 926 1596 990 adnm·-

313 1033 390 1094 titur
424 1034 634 1111 enuntiatum,
669 1035 818 1116 proxime
853 1033 981 1098 accedit
1016 1034 1057 1097 ad
1093 1036 1161 1097 vim
1197 1037 1375 1098 sententiae
1407 1035 1591 1117 primariae:

313 1157 399 1213 nam,
425 1139 707 1217 etenim,-doch“
735 1141 949 1223 (Bachmann.
967 1139 1070 1223 Spec.
1088 1142 1150 1206 lex.
1174 1142 1231 1206 Ar.
1255 1163 1288 1225 p.
1317 1143 1381 1225 10),
1398 1149 1433 1206 nt
1453 1141 1493 1205 V.
1519 1142 1592 1210 319.

310 1247 347 1308 L.
374 1249 448 1310 473.
472 1247 531 1310 Ec.
556 1249 632 1310 312.
661 1248 757 1335 ,Vos
781 1249 899 1328 inquit,
922 1248 1100 1331 impeditis:
1126 1254 1160 1312 ar
1183 1251 1224 1314 do
1249 1255 1329 1314 etc.“

360 1357 421 1417 139
447 1354 527 1436 (an.)
553 1355 579 1418 εἰ
602 1354 779 1432 παιδαρίοις
804 1354 994 1419 ἀκολουθεῖν
1016 1360 1075 1420 δεῖ.
1093 1358 1190 1434 569,8
1213 1356 1427 1441 (tetuiamb.)
1446 1359 1591 1435 μέγιστον

313 1461 444 1544 ἀγαθόν,
470 1462 558 1540 εἴπερ
578 1457 841 1538 ἔστι-λαβεῖν.
866 1463 929 1523 645
956 1461 1046 1541 εἰμὴ
1073 1464 1264 1542 Προμηθεύς
1300 1465 1369 1543 εἰμι.
1401 1467 1464 1528 657
1491 1458 1596 1544 (ivri)

314 1570 343 1633 εἴ
364 1591 411 1647 τις
436 1570 610 1634 κολακεύει.

609 1767 651 1830 Εἰ
688 1786 785 1828 cum
819 1768 985 1828 futuro
1019 1766 1300 1831 indicativi.

355 1926 514 1989 Futurum
538 1925 710 1989 indicativi
736 1926 814 2010 (quo
840 1925 899 2004 εἶμι
926 1943 1056 2007 quicque
1079 1933 1214 2008 propter
1248 1925 1520 2008 significationem
1547 1943 1595 1986 re·

311 2033 390 2108 sero)
417 2035 451 2095 in
476 2053 516 2096 ea
538 2033 670 2114 ponitur
705 2033 906 2110 condicione,
945 2051 1029 2114 quae
1063 2032 1104 2096 ad
1139 2033 1281 2094 futurum
1315 2034 1468 2114 pertinet.
1504 2029 1597 2094 Idem¹

312 2141 519 2203 coniunctivo
545 2159 620 2203 cum
644 2139 682 2204 ἄν
704 2140 775 2224 (vel
799 2140 867 2203 solo
893 2139 981 2221 apud
1004 2145 1118 2222 poetas
1143 2137 1287 2222 quidem)
1320 2139 1469 2221 exprimi,
1484 2142 1597 2200 notum

200 2305 208 2322 ,
313 2253 371 2308 est.
395 2246 522 2309 Harum
546 2251 822 2310 constructionum
855 2248 941 2330 apud
977 2245 1176 2327 Aeschylum
1205 2245 1466 2331 Sophoclemque
1495 2245 1593 2323 illam,

314 2353 402 2434 apud
425 2354 628 2436 Euripidem,
663 2353 852 2430 Homerum,
888 2355 1040 2432 comicos,
1074 2373 1192 2437 prosae
1228 2357 1384 2418 orationis
1422 2357 1600 2436 scriptores.

305 2451 395 2522 ¹hanc
418 2461 669 2541 frequentiorem
694 2481 773 2537 esse,
809 2463 889 2524 scite
915 2461 1025 2524 docuit
1059 2457 1332 2525 Gildersleeveus.
1358 2462 1374 2499 *
1409 2459 1592 2545 Quaeritur,

311 2566 390 2646 quid
414 2568 498 2629 inter
521 2569 580 2630 has
600 2567 757 2649 loquendi
776 2569 919 2631 rationes
943 2569 1079 2630 intersit.
1106 2566 1181 2649 Qua
1206 2567 1245 2632 de
1261 2588 1296 2631 re
1312 2570 1416 2630 multa
1433 2585 1599 2651 gramma·

310 2675 368 2736 tici
392 2673 609 2755 protulerunt,
634 2693 718 2756 quae
742 2675 799 2736 vix
822 2675 901 2756 ipsis
926 2676 1113 2739 euictoribus
1137 2676 1215 2738 satis
1238 2675 1404 2738 intellecta
1432 2681 1516 2752 sunt,
1541 2693 1594 2736 ne-

314 2780 391 2843 dum
414 2782 487 2842 usui
512 2777 713 2844 Graecorum
735 2781 963 2863 respondeant.
989 2783 1097 2864 Atque
1121 2781 1298 2862 Kuehneri,
1315 2781 1487 2863 Kruegeri‚
1504 2779 1595 2844 Mad·

311 2887 403 2969 vigii,
428 2887 551 2950 Akenii
576 2887 715 2956 aliorum
743 2888 783 2951 de
812 2908 851 2950 ea
866 2909 901 2952 re
919 2889 1094 2951 sententias
1111 2888 1264 2950 refutavit
1280 2887 1547 2951 Middendorfius
1563 2888 1596 2925 *²¹⁴

312 2993 490 3057 Videamus
513 2995 623 3076 igitur,
650 2995 729 3074 quid
752 2995 807 3058 hic
823 2997 892 3077 ipse
909 2997 1057 3058 statuerit
1074 3003 1104 3059 et
1120 2993 1381 3059 Gildersleeveus
1398 3015 1471 3058 cum
1486 2993 1595 3060 Gond-

307 3102 408 3164 win0.
433 3100 482 3162 Ac
506 3101 763 3164 Middendorlius
785 3104 869 3165 haec
894 3103 989 3166 docet
1014 3103 1059 3188 (p.
1086 3104 1152 3187 12):
1192 3105 1285 3183 ,ccv
1323 3123 1360 3174 c.
1386 3106 1470 3170 coni.
1511 3099 1595 3165 wird

310 3211 500 3291 gebraucht,
526 3229 622 3273 wenn
644 3211 736 3272 nieht
758 3211 845 3273 bloss
871 3211 924 3274 die
948 3211 1141 3296 Bedingung
1166 3211 1385 3294 ausgedriickt
1408 3213 1504 3289 wird,
1522 3232 1593 3275 son·

312 3315 391 3379 dern
416 3319 499 3380 auch
524 3317 582 3380 das
607 3317 787 3400 temporale
810 3317 1026 3395 Verhaltniss,
1052 3322 1084 3381 in
1099 3320 1259 3382 welchem
1277 3319 1329 3382 die
1346 3319 1524 3402 Handlung
1540 3320 1594 3383 des

311 3422 626 3506 Bedingungssatzes
651 3446 690 3486 zu
716 3425 773 3489 der
795 3423 972 3508 Handlung
997 3425 1052 3489 des
1075 3426 1291 3507 Hauptsatzes
1326 3429 1419 3503 steht,
1452 3425 1596 3490 deutlich

313 3531 504 3594 bezeichnet
526 3531 660 3594 werden
684 3531 755 3608 soll;
781 3531 928 3614 dagegeu
952 3533 1037 3595 wird
1061 3534 1086 3597 εἰ
1111 3554 1137 3597 c.
1163 3533 1257 3595 futur.
1282 3532 1379 3595 indie.
1405 3532 1600 3615 gebraucht,

306 3632 406 3698 ''wenn
430 3657 491 3698 nur
515 3638 567 3701 die
590 3637 784 3721 Bedingung
820 3640 1048 3722 ausgedriickt,
1086 3639 1143 3702 das
1182 3641 1360 3723 temporale
1391 3639 1597 3703 Verhatltniss

312 3745 391 3807 aber
413 3763 472 3826 gar
495 3747 585 3806 nicht
607 3746 800 3809 bezeichnet
823 3747 956 3809 werden
980 3747 1072 3811 soll“.
1097 3747 1188 3810 Haec
1211 3748 1265 3811 lex
1289 3749 1322 3810 in
1345 3753 1453 3811 mente
1483 3754 1594 3810 aucto·

311 3852 354 3914 ris
378 3855 465 3928 nata,
491 3872 554 3913 uon
579 3871 618 3914 ex
643 3849 843 3916 Graecorum
868 3875 927 3916 usu
952 3854 1029 3916 data
1054 3874 1123 3917 esse
1145 3855 1283 3918 videtur:
1320 3874 1395 3917 nam
1431 3855 1457 3916 si
1484 3853 1598 3917 condi·

311 3961 373 4036 cio,
400 3977 483 4040 quae
508 3965 620 4040 aperte
645 3960 815 4042 apodosim
839 3981 930 4022 suam
956 3967 1102 4042 tempore
1127 3962 1300 4038 antecedit,
1325 3961 1413 4023 haud
1448 3980 1535 4037 raro,
1560 3962 1594 4019 nt

312 4086 410 4148 supra
435 4066 569 4142 ostendi,
593 4067 757 4147 praesenti
782 4069 865 4130 coni.
892 4067 1031 4145 effertur,
1055 4069 1201 4150 profecto
1225 4070 1288 4130 hoc
1313 4073 1359 4131 est
1385 4071 1498 4130 contra
1515 4074 1594 4130 tem·

311 4171 459 4254 poralem
481 4173 643 4234 rationem
669 4190 773 4253 eaque
798 4173 958 4251 condicio,
984 4175 1011 4236 si
1034 4174 1274 4238 Middendorfio
1299 4171 1469 4250 credimus,
1486 4173 1596 4234 futuro

310 4278 377 4343 ind.
403 4278 601 4342 enuntianda
625 4283 704 4342 erat.
732 4276 819 4359 Quid
844 4281 931 4360 quod
954 4282 988 4342 in
1014 4283 1209 4344 concessivis
1234 4283 1408 4360 sententiis,
1426 4283 1459 4345 in
1477 4281 1599 4364 quibus

308 4420 620 4434 *-

364 4489 378 4523 *
399 4487 441 4544 On
461 4489 483 4544 εἰ
503 4491 569 4544 with
589 4491 638 4546 the
659 4487 767 4544 Future
786 4489 842 4544 lnd.
866 4497 920 4544 etc.

345 4577 376 4610 *²*
393 4577 527 4648 Beitrtge
555 4586 626 4634 ete·
928 4603 930 4608 ·
