3468 5390
703 504 746 516 -
774 471 834 532 121
862 484 906 516 ’-

155 626 310 710 iungitur.
333 625 460 693 Harum
484 647 549 707 eas,
574 646 659 711 quae
683 628 890 692 coniunctius
914 633 948 692 et
971 629 1120 711 optativo
1145 627 1234 712 apud
1256 627 1314 694 An
1333 629 1440 693 elatae

154 737 240 811 sunt,
263 735 365 798 fusius
388 737 549 814 tractabo,
574 735 725 800 omuibus
746 735 828 800 locis
851 735 970 810 allatis;
994 735 1037 799 de
1059 735 1101 798 iis
1117 739 1237 813 autem,
1254 753 1340 817 quae
1355 735 1441 800 indi·

156 841 303 904 esuum
325 840 374 925 (et
396 842 606 925 infinitivum)
630 843 763 922 habent,
786 843 920 908 brevius
944 842 1130 926 disputabo,
1153 843 1297 908 numeris
1315 847 1442 906 tantum

155 967 309 1013 versuum
332 950 500 1032 appositis,
524 970 565 1014 ne
589 951 674 1014 liber
695 951 793 1013 nimis
809 953 951 1015 ferment·
984 946 1164 1014 Ordiamur
1193 949 1303 1032 igitur,
1336 954 1373 1013 ut
1406 950 1442 1012 in

155 1055 449 1136 condicionalibus,
474 1057 516 1122 ab
539 1059 591 1136 iis,
616 1071 701 1140 quae
725 1059 934 1122 coniunctivo
959 1055 1145 1122 efferuntur.

311 1235 344 1304 Α.
373 1235 622 1306 {nuntiationes
643 1238 860 1327 temporales,
882 1235 1089 1306 coniunctim
1112 1237 1270 1325 prolatae.

197 1404 451 1468 Enuntiationes
474 1404 681 1487 temporales,
707 1423 792 1487 quae
816 1402 1026 1480 coniunctius
1059 1401 1149 1486 (cum
1172 1402 1226 1487 dv)
1254 1403 1440 1478 efferuntur,

157 1512 191 1572 ut
213 1509 467 1588 condicionales,
492 1515 548 1574 aut
564 1511 701 1594 futurae
719 1515 803 1594 sunt,
823 1515 881 1574 aut
896 1507 1067 1594 panaretos.
1084 1507 1134 1574 ne
1149 1511 1291 1593 primum
1308 1508 1442 1592 quidem

157 1614 327 1680 videamus

240 1779 715 1850 1.1snunt1atatemporeue‚
735 1795 826 1848 quae
845 1781 1063 1848 apertionis
1082 1795 1163 1838 cum
1182 1781 1369 1838 ducuntur.

200 1908 352 1976 Graecae
374 1909 569 1992 particulae,
593 1927 679 1992 quae
701 1906 839 1973 Latinae
866 1911 979 1988 „oum“
997 1911 1032 1973 in
1046 1911 1097 1974 his
1112 1911 1287 1974 enuntiatis
1308 1929 1442 1994 respon-

159 2017 245 2096 dent,
269 2022 345 2082 sunt
366 2018 441 2082 hae:
467 2015 548 2083 ὅταν
570 2016 668 2099 (ὅκκα
690 2019 726 2080 in
748 2035 897 2086 samone
918 2017 1059 2082 hominis
1076 2016 1277 2101 Megarensis
1291 2017 1333 2082 A.
1351 2019 1443 2099 762),

159 2121 236 2199 ἡνίκ’
262 2124 313 2204 ἄν,
338 2125 477 2204 ἐπειδάν,
502 2122 635 2198 ὁπόταν,
660 2123 751 2204 ἐπήν,
774 2123 843 2190 ἐπεί
865 2143 920 2188 κεν
948 2124 1001 2205 (Ε.
1036 2125 1120 2187 1056
1142 2126 1178 2188 in
1200 2145 1296 2190 versu
1320 2127 1441 2209 epico).

160 2232 262 2296 liuius
285 2233 413 2315 generis
435 2231 616 2296 sententiae
639 2231 688 2293 ita
711 2235 923 2312 comparatae
949 2234 1033 2307 sunt,
1066 2234 1104 2294 ut
1138 2232 1226 2296 aetio
1257 2231 1444 2298 secundarii

164 2341 317 2404 enuntiati
340 2347 398 2404 aut
421 2337 566 2403 eiusdem
588 2339 630 2402 sit
652 2339 809 2420 temporis
840 2341 939 2418 atque
963 2337 1050 2400 aetio
1080 2337 1241 2419 primarii,
1275 2345 1333 2402 aut
1368 2357 1443 2403 eam

168 2445 341 2511 antecedat.
364 2444 473 2508 Semel
496 2449 623 2510 tantum
644 2443 706 2509 Ec.
722 2444 788 2506 634
804 2443 891 2508 actio
906 2442 1103 2506 secundaria
1116 2445 1264 2526 sequitur
1278 2447 1443 2510 actionem

163 2553 361 2636 primariam,
387 2571 471 2633 quae
495 2551 673 2615 admodum
695 2570 773 2613 rara
795 2551 946 2632 exceptio
971 2548 1104 2615 videtur
1126 2570 1208 2616 esse.
1243 2551 1341 2616 Aetio
1366 2571 1442 2615 con-

163 2667 383 2744 temporanea,
408 2676 514 2741 eaque
538 2658 675 2738 diutina,
700 2674 785 2740 quac
808 2658 923 2722 endem
947 2657 1111 2722 interdum
1133 2660 1274 2741 repetita
1288 2664 1442 2738 estsem-

158 2787 217 2850 per
240 2767 435 2850 exprimitur
456 2768 623 2850 praesenti
646 2765 858 2842 coniunctivi;
883 2765 982 2844 aetio,
1006 2783 1093 2846 quae
1114 2765 1170 2830 vel
1190 2771 1262 2832 tota
1295 2767 1351 2833 vei
1380 2768 1443 2832 ini·

159 2875 237 2937 tium
262 2874 333 2936 eius
354 2869 547 2954 primariam
561 2871 736 2949 antecedit,
748 2872 912 2954 profertur
927 2872 1060 2948 aoristo,
1075 2871 1139 2934 nisi
1154 2871 1244 2954 quod
1254 2873 1290 2936 in
1303 2873 1362 2937 Ee.
1376 2873 1440 2935 663

158 2987 189 3045 et
212 2981 277 3043 665
303 2979 389 3042 actio
411 2979 532 3057 intuta,
568 2978 670 3044 aliam
693 2977 896 3054 antecedam,
932 2976 1093 3059 (fortasse,
1117 2979 1196 3060 quia
1218 2980 1359 3062 repetita
1393 2983 1442 3042 est

157 3095 190 3153 et
208 3090 244 3152 in
265 3088 378 3171 priore
398 3087 472 3151 loco
496 3085 636 3170 diutina)
660 3084 826 3169 praesenti
850 3085 934 3149 coni.
959 3085 1048 3149 elata
1070 3091 1129 3163 est,
1151 3084 1256 3149 et'l'h.
1272 3088 1338 3150 493
1353 3084 1441 3151 idem

157 3195 282 3259 iactum
305 3199 355 3258 est
376 3194 411 3256 in
433 3195 594 3257 cantanda
616 3192 764 3275 generali
800 3191 841 3256 de
877 3193 1007 3256 actione
1040 3192 1178 3271 diutina,
1213 3194 1249 3257 in
1277 3195 1442 3276 praesenti

157 3299 307 3386 repetita.
330 3297 516 3362 Perfectum
539 3299 634 3377 coni,
661 3299 752 3361 euius
775 3315 852 3360 usus
874 3295 1052 3361 admodum
1075 3300 1220 3382 angustis
1241 3301 1360 3366 tinibus
1379 3301 1442 3364 oir-

156 3405 371 3489 cumscriptus
394 3411 452 3483 est,
476 3406 631 3468 usitatam
654 3405 724 3468 vim
745 3423 838 3468 suam
861 3404 981 3467 retinet
1004 3409 1104 3486 atque
1126 3410 1256 3484 statum,
1280 3407 1339 3488 qui
1362 3409 1442 3472 acti·

155 3534 250 3580 onem
259 3515 416 3596 sequitur,
429 3517 648 3595 eventumque
664 3513 744 3589 eius,
761 3511 929 3576 enuntiato
945 3511 1103 3593 primario
1120 3517 1441 3597 contemporaneum,

157 3622 327 3706 significat.

199 3727 288 3792 Ante.
315 3729 346 3789 1.
370 3725 478 3789 Semel
502 3727 536 3788 in
558 3727 720 3806 sententia
742 3724 888 3808 generali
911 3723 975 3787 Ar.
993 3726 1079 3788 1440
1097 3727 1300 3792 enuntiatum
1316 3731 1444 3811 tempo·

157 3833 236 3911 rale,
259 3833 361 3896 verbo
385 3830 514 3895 ἀκούειν
537 3832 730 3909 subiectum,
753 3829 821 3895 iere
845 3830 1002 3895 obiectivi
1024 3830 1099 3896 vice
1121 3831 1275 3915 iungitur.

199 3941 288 4008 Anu.
313 3944 349 4007 2.
371 3937 491 4002 Mirum
514 3938 550 4001 in
571 3937 715 4017 modum,
739 3937 803 4001 nisi
826 3936 906 4020 quid
927 3956 980 4000 me
1002 3935 1098 4015 fallit,
1122 3939 1158 4003 in
1179 3939 1216 4004 L.
1232 3941 1298 4003 404
1313 3947 1442 4007 senten-

159 4048 205 4110 tia
227 4044 418 4129 temporalis
441 4044 485 4108 ad
509 4045 674 4109 causalem
696 4062 800 4128 prope
824 4043 962 4108 accedit.

200 4153 254 4218 Dc
272 4151 457 4232 particulis.
481 4151 533 4216 De
555 4152 793 4236 particularum
820 4152 1061 4236 temporalium,
1097 4172 1179 4238 quas
1212 4175 1311 4238 supra
1335 4158 1441 4237 attuli,

154 4279 213 4323 usu
236 4278 303 4341 quo
325 4259 452 4322 facilius
475 4259 616 4323 iudicari
636 4261 750 4343 possit,
780 4258 862 4323 duas
885 4258 1015 4324 tabulas
1051 4280 1192 4344 appono,
1228 4279 1367 4343 quarum
1392 4265 1441 4328 al·

156 4372 228 4431 tera
250 4365 440 4444 ostenditur,
466 4367 591 4448 quoties
614 4384 766 4449 quaeque
799 4365 965 4450 particula
999 4386 1074 4430 cum
1107 4368 1284 4451 praesenti,
1307 4368 1441 4448 andsto,

157 4473 300 4556 perlecto
325 4474 410 4537 coni.
433 4474 544 4538 iuncta
566 4474 762 4552 inveniatur,
787 4474 891 4538 altera
904 4473 994 4537 -in
1017 4492 1081 4557 quo
1105 4476 1202 4540 metri
1224 4494 1343 4558 genere
1360 4495 1443 4560 quo·

157 4581 218 4645 tias
239 4580 434 4662 reperiatur.
