3466 5406
707 421 880 484 ..39-

149 577 212 640 tius
236 578 333 657 igitur
356 577 559 640 Ravennatis
582 578 765 644 lectionem·
781 578 972 658 Blaydeslus
1008 580 1054 642 ita
1087 578 1251 660 explicare
1276 577 1426 654 debehat,

148 685 240 749 utin
263 687 440 770 archetypo
466 684 545 750 olim
567 684 783 750 indicativum
807 684 1059 763 ovcoocopece’
1085 686 1119 746 in
1143 686 1326 770 optativum
1351 685 1427 747 ἀνα-

148 791 347 872 σωσαίμεσθ’
374 794 535 872 transisse,
559 792 621 855 hoe
645 795 753 856 autem
780 795 895 876 postea
919 811 939 854 a
960 791 1108 868 librario,
1143 790 1183 856 ἄν
1212 789 1426 869 desiderante,

147 897 181 960 in
203 896 243 962 ἂν
266 896 466 979 σωσαίμεσθ
490 902 652 964 mutatum
678 918 747 964 esse
769 902 910 980 putaret.
945 896 1023 962 Sed.
1044 896 1134 962 aliud
1166 887 1305 978 quoque,
1332 901 1427 962 tenue

147 1001 228 1066 illud
251 1003 394 1084 quidem,
417 1024 484 1068 non
507 1010 615 1069 tamen
638 1007 672 1069 in
693 1006 751 1068 tali
776 1007 965 1088 quaestione
996 1003 1265 1069 contemnendum
1293 1004 1374 1066 mihi
1398 1024 1424 1067 e.

147 1109 311 1175 heidensis
334 1113 529 1194 scripturam
552 1117 735 1196 suspectam
769 1113 856 1176 facit:
893 1111 981 1193 quod
1014 1111 1082 1188 Ar..
1118 1116 1154 1174 ut
1187 1109 1370 1192 Aeschylus
1394 1115 1426 1174 et

148 1217 337 1300 Euripides.
354 1218 495 1302 simplici
519 1223 634 1286 σώζειν
657 1222 829 1284 sescenties
852 1221 963 1295 utitur,
981 1219 1159 1302 composito
1176 1218 1237 1282 isto
1254 1236 1425 1299 nusquam.

149 1321 238 1406 Quae
262 1344 336 1388 cum
359 1327 406 1389 ita
430 1327 503 1404 sint,
526 1327 554 1389 si
578 1328 721 1391 comicus
743 1328 799 1390 hic
823 1345 954 1409 quoque
976 1325 1118 1408 simplici
1141 1327 1255 1390 σώζειν
1275 1344 1351 1388 usus
1367 1330 1424 1401 est,

146 1450 250 1514 neque
272 1430 525 1511 ἀνασωσάμεσθ
539 1433 706 1515 Blaydesii
721 1435 945 1518 recipiendum
961 1439 1017 1509 est,
1029 1451 1136 1515 neque
1148 1432 1424 1512 ἀνασωσαίμεσθ’,

147 1538 234 1620 quod
248 1545 297 1601 est
314 1539 348 1602 in
361 1537 398 1617 L,
412 1540 508 1604 aliter
522 1539 677 1627 explicari
690 1547 809 1624 potest,
820 1543 884 1606 nisi
896 1541 983 1624 quod
997 1561 1037 1605 ex
1051 1541 1091 1605 ἂν
1106 1535 1306 1618 σωσαίμεσθ’
1319 1544 1425 1603 ortum

146 1651 200 1710 est.
224 1645 342 1710 Restat
364 1648 472 1729 igitur,
497 1652 533 1710 ut
554 1649 718 1730 particula
742 1650 939 1733 transposita
973 1648 1228 1731 Aristophanem
1259 1647 1424 1731 scripsisse

145 1755 354 1836 putemusrb
377 1760 506 1834 πρᾶγμα
527 1754 728 1835 σωσαίμεσθ
754 1753 794 1820 ἐτ’
820 1757 870 1836 ἄν,
895 1756 983 1838 quod
1006 1757 1107 1819 miror
1134 1756 1255 1820 nemini
1279 1757 1313 1818 in
1335 1774 1425 1819 meu·

146 1871 208 1926 tem
233 1863 370 1926 venisse.
395 1861 536 1939 Scilicet,
559 1863 733 1946 particula,
759 1865 838 1928 olim
873 1884 930 1928 suo
965 1863 1039 1926 loco
1072 1863 1203 1927 demota
1227 1867 1325 1944 atque
1349 1867 1423 1928 ante

145 1971 278 2036 verbum
302 1970 474 2050 collocata,
499 1972 534 2034 in
556 1970 793 2050 Ravennatem,
817 1977 956 2049 uteret,
981 1972 1118 2049 transiit,
1143 1973 1177 2034 in
1199 1969 1351 2034 Leidensi
1367 1990 1424 2032 au·

147 2085 207 2140 tem
230 2080 326 2142 metri
350 2097 449 2144 causa
471 2079 506 2140 in
530 2078 591 2142 ἀνα
616 2083 762 2142 correcta
786 2083 843 2144 est.
866 2079 1027 2161 Denique,
1049 2081 1076 2142 si
1094 2080 1147 2142 eui
1160 2079 1242 2143 fonte
1259 2078 1431 2160 optativus

148 2205 215 2248 cum
238 2186 279 2250 ἄν
303 2186 358 2250 hic
381 2205 496 2272 parum
521 2191 615 2272 aptus
639 2186 815 2266 videbitur,
839 2189 981 2252 conferat
999 2187 1108 2250 locum
1123 2186 1323 2250 simillimum
1340 2187 1423 2250 eius·

150 2292 215 2356 dem
238 2292 370 2357 fabulae
394 2313 425 2357 v.
452 2295 525 2358 521.
816 2281 819 2288 ’

190 2401 250 2464 208
275 2399 336 2464 οὔκ
361 2399 541 2484 (ἐάσομεν),
566 2401 622 2465 ἐάν
645 2421 681 2476 γε
705 2403 747 2484 μή
772 2403 882 2484 λάχῃς.
914 2403 978 2464 412
1007 2401 1047 2478 ἢν
1071 2401 1422 2484 σχολάσῃςι-ἐλθων

158 2507 242 2590 ἐκείνῃ
268 2508 327 2586 τήν
352 2509 494 2588 βάλανον
517 2509 702 2588 ἐνάρμοσον
726 2510 773 2590 „si
797 2508 876 2591 quid
900 2508 959 2572 otii
982 2512 1095 2570 nactus
1119 2508 1214 2570 eris“.
1252 2510 1315 2574 527
1340 2503 1424 2594 (an.)

155 2612 339 2694 ἢν-ἡμῶν
356 2610 581 2695 -ἐθελήσητ’
618 2615 866 2695 ἀντακροᾶσθαι,
883 2616 1228 2695 -ἐπανορθώσαιμεν
1264 2615 1303 2679 ἂν
1338 2616 1421 2694 ὑμᾶς

153 2723 341 2800 ,οιιιιοπιτταί
369 2718 426 2808 (ol.
449 2722 513 2787 Av;
539 2720 631 2809 555);
654 2725 818 2806 particula
841 2724 892 2799 ἄν,
915 2725 949 2788 in
971 2722 1003 2785 R
1027 2723 1156 2800 omissa,
1188 2742 1227 2786 ex
1252 2721 1421 2812 deteriori·

149 2832 200 2894 bus
221 2831 327 2916 petita
350 2832 407 2893 est.

187 2941 316 3002 551-5
344 2935 424 3021 (an.)
449 2937 549 3015 ἤνπερ
574 2936 592 3000 ὅ
618 2937 935 3016 τε-Ἔρως-χή
949 2933 1178 3017 -Ἀφροδίτη
1202 2936 1314 3014 ἵμερον
1331 2936 1421 3014 ἡμῶν

147 3049 219 3112 κατὰ
242 3050 308 3112 τῶν
332 3045 462 3109 κόλπων
486 3046 537 3110 καὶ
560 3048 625 3108 τῶν
649 3048 759 3126 μηρῶν
782 3043 1000 3127 καταπνεύσῃ,
1036 3038 1103 3127 κᾷτ’
1141 3043 1260 3126 ἐντείνῃ
1288 3044 1421 3108 τέτανον

145 3155 277 3233 τερπνὸν
300 3156 369 3229 τοῖς
396 3151 543 3230 ἀνδράσι,
556 3187 601 3198 -
613 3151 700 3231 οἶμαι
712 3187 756 3198 -
768 3152 952 3232 Λυσιμάχας
986 3149 1069 3232 ἡμᾶς
1081 3186 1126 3200 -
1138 3154 1314 3230 καλεῖσθαι,
1329 3186 1366 3198 -
1381 3151 1422 3228 ἢν

144 3262 316 3342 παύσωμεν
328 3295 372 3305 -
385 3260 440 3325 ξὺν
466 3257 616 3324 ὅπλοισιν
641 3258 868 3337 ἀγοράζοντας.
886 3258 990 3321 Locus
1007 3260 1042 3322 in
1059 3257 1226 3342 codicibus
1241 3262 1420 3339 corruptus;

145 3386 236 3450 quem
260 3367 319 3432 alii
342 3367 437 3432 aliter
472 3365 698 3430 emendabant:
723 3367 757 3431 τέ
780 3368 885 3434 metri.
900 3386 1000 3431 causa
1035 3386 1055 3428 a
1088 3366 1234 3430 Porsono
1266 3366 1420 3432 insertum

145 3482 197 3558 est,
221 3477 341 3560 ἐντείνῃ
375 3476 485 3539 datum
510 3495 530 3536 a
553 3472 724 3538 Meinekeo
753 3493 813 3556 pro
846 3475 952 3560 ἐντέξη
983 3475 1037 3537 vel
1072 3475 1196 3556 ἐντήξῃ.
1231 3472 1316 3537 Vide
1352 3475 1420 3538 eius

143 3583 235 3648 Vind.
260 3604 293 3668 p.
320 3586 392 3646 127.
417 3581 481 3646 Sed
504 3582 582 3646 satis
607 3586 696 3646 certa
720 3580 903 3646 emendatio
928 3582 985 3644 vix
1007 3581 1145 3664 reperiri
1167 3585 1284 3663 potest.

186 3695 247 3757 too
274 3692 355 3776 (an.)
380 3693 437 3755 τὸν
460 3676 876 3767 πόλεμον-διαλύσομεν,
902 3689 941 3766 ἦν
964 3710 1011 3769 τις
1035 3691 1128 3772 ἐάσῃ.
1154 3689 1219 3754 650
1238 3688 1306 3771 (tr.)
1324 3691 1419 3752 τοῦτο

144 3802 182 3882 μὴ
206 3800 357 3880 φθονεῖτέ
382 3819 444 3878 μοι,
469 3800 508 3876 ἢν
532 3797 650 3877 ἀμείνω
674 3796 701 3874 γ’
727 3798 907 3875 εἰσενέγκω.
946 3799 1009 3862 676
1047 3797 1115 3882 (tr.)
1152 3794 1314 3878 ἢν-ἐφ’
1337 3797 1419 3862 ἱππι-

142 3908 199 3986 κὴν
221 3907 414 3985 τράπωνται,
439 3904 607 3986 διαγράφω
629 3905 680 3990 (ll.
695 3943 737 3954 -
750 3927 803 3986 ψω
828 3906 992 3990 οί--ψαι)
1015 3907 1093 3986 τοὺς
1115 3905 1239 3983 ἱππέας.

184 4018 247 4080 740
272 4013 480 4096 ἢν-ἀρξῃς
503 4016 599 4078 τοῦδε
622 4014 674 4092 σύ,
701 3994 792 4092 ἑτέρα
815 4015 894 4092 γυνὴ
923 4012 1041 4079 ταύτὸν
1075 4017 1178 4078 ποιεῖν
1215 4013 1417 4093 βουλήσεται.

140 4121 199 4186 Hic
223 4123 321 4206 ἄρξῃς
345 4122 479 4188 debetur
503 4119 755 4204 (lobea-roboc
778 4122 935 4206 Reisigi03
959 4123 1037 4186 libri
1058 4121 1134 4206 ἄρξῃ
1160 4141 1271 4186 omnes
1294 4127 1327 4186 et
1342 4121 1417 4186 τού-

140 4250 193 4294 του
217 4229 257 4314 R,
282 4232 377 4294 τοῦτο
403 4232 511 4294 ceteri.
536 4229 646 4312 Atque
671 4227 786 4296 Cobeti
811 4231 1032 4294 coniecturam
1055 4230 1169 4314 probo:
1206 4250 1281 4294 nam
1316 4233 1348 4292 et
1370 4228 1417 4292 le-

140 4337 271 4400 nissima
306 4343 363 4416 eat,
399 4345 432 4400 et
466 4336 575 4400 indole
609 4337 741 4420 linguae
778 4335 925 4402 Graecae
965 4339 1155 4423 postulatur,
1180 4341 1222 4414 et,
1258 4340 1294 4398 ut
1322 4334 1417 4398 docet

140 4442 173 4507 h.
197 4443 384 4508 Dindorlius
406 4444 529 4528 (Steph.
554 4443 649 4508 Thes.
674 4465 705 4508 v.
732 4446 761 4522 1,
787 4450 818 4521 2,
841 4466 873 4529 p.
900 4447 1012 4530 2132),
1037 4463 1155 4527 magna
1183 4448 1230 4508 est
1264 4443 1416 4506 librario·

140 4569 207 4616 rum
231 4553 263 4616 in
288 4551 395 4618 medio
421 4553 516 4618 huius
541 4551 632 4614 verbi
655 4551 821 4618 inferendo
849 4553 1022 4618 temeritas.
1048 4550 1146 4636 Apud
1162 4550 1414 4636 Aristophanem
