3466 5406
696 467 736 477 -.
761 432 807 494 49·
831 466 872 478 ..

194 597 223 680 l)
246 597 286 661 N.
314 599 399 658 1500
422 595 506 659 τοῦτ’
530 595 609 659 αὐτὸ
624 593 846 673 -βούλομαι,
871 592 912 670 ἢν
935 592 954 668 ἡ
980 590 1094 670 σμινύη
1113 612 1165 670 μοι
1184 591 1224 669 μή
1243 593 1354 671 προδῷ
1370 591 1428 664 τὰς

148 706 274 782 ἐλπίδας
298 705 627 782 ἢ-ἐκτραχηλισθιῖι
656 701 772 781 „modo
797 704 870 763 ne“.

194 813 230 874 V.
257 813 319 872 049
345 811 499 888 μύλην-
513 810 582 887 ὥρα
606 812 710 888 Ζητεῖν
735 808 886 889 σοι,--ἢν
910 809 950 886 μή
975 828 1003 870 τι
1025 807 1130 885 λέγῃς,
1156 806 1223 883 ἥτις
1240 805 1359 881 δυνατὴ
1373 803 1430 866 τὸν

149 919 224 996 ε’μόν
248 919 349 995 θυμόν
374 921 548 994 κατερεῖξαι
575 916 714 994 „molam
740 916 799 979 tibi
825 918 951 995 tempus
975 918 1023 976 est
1047 931 1215 993 quaerere,
1240 913 1267 974 si
1284 911 1366 974 forte
1384 909 1430 970 ni·

149 1025 195 1087 hil
220 1025 340 1088 dicesl:
376 1025 496 1088 rectius
531 1024 617 1086 enim
652 1023 769 1086 videor
800 1023 882 1086 mihi
917 1023 965 1084 ita
998 1024 1078 1084 haec
1115 1020 1304 1102 intellegere
1333 1037 1430 1098 quam

150 1133 342 1209 Brunukius‚
367 1133 424 1212 qui
448 1133 481 1193 in
506 1133 717 1194 conversione
741 1151 800 1193 sua
824 1130 1048 1193 condicionem
1072 1129 1163 1191 illam
1187 1128 1348 1191 relativae
1360 1145 1431 1190 sen-

149 1242 270 1304 tentiae
293 1241 440 1303 subiecit:
469 1241 619 1318 „molam
645 1259 740 1320 quae,
773 1241 801 1301 si
836 1239 917 1301 nihil
953 1238 1053 1313 dicas,
1088 1257 1195 1300 meam
1227 1233 1431 1298 iracundiam

148 1348 297 1412 frendere
320 1347 673 1429 possit“.-—Oeterum
708 1349 777 1410 sine
813 1366 912 1410 cansa
947 1347 1000 1409 hic
1034 1345 1194 1426 Bergkius
1229 1344 1358 1424 scripsit
1392 1341 1432 1418 ἤν

150 1457 224 1532 μοί
247 1477 274 1519 τι
298 1457 402 1538 λέγῃς
428 1475 503 1517 nam
528 1457 646 1519 chorus
670 1456 753 1518 haec
777 1459 903 1517 tanturn
940 1454 1084 1531 dicturus
1119 1457 1200 1516 erat:
1239 1451 1320 1530 „nisi
1349 1451 1432 1514 bene

150 1563 277 1626 locutus
297 1563 369 1639 erla,
394 1582 458 1625 non
482 1563 614 1646 effugies
638 1565 719 1624 iram
743 1566 882 1624 nream“.

194 1673 260 1732 808
285 1671 454 1749 ἀμίς-ἢν
479 1672 935 1755 οὐρητιάσῃς-κρεμήσεται,
972 1671 1013 1734 de
1049 1689 1113 1750 quo
1138 1689 1168 1730 v.
1192 1688 1224 1750 p.
1244 1671 1274 1730 3.
1292 1701 1327 1714 -
1348 1667 1431 1726 1515

151 1780 253 1859 ἅλμην
270 1779 348 1842 κύκα
373 1779 545 1858 τούτοισιν,
571 1780 612 1855 ἢν
636 1761 700 1856 ε’γύι
714 1785 831 1856 κρατῶ.

195 1887 236 1948 R.
263 1888 326 1948 339
353 1885 473 1949 οὔκουν
497 1886 604 1966 ἀτρέμ’
629 1887 716 1963 ἕξεις,
741 1887 781 1964 ἤν
804 1908 831 1949 τι
857 1889 907 1950 καὶ
941 1889 1061 1964 χορδῆς
1097 1887 1207 1966 λάβῃς,
1242 1882 1298 1947 ubi
1331 1881 1434 1944 rriu-

150 1994 275 2057 seheus:
304 1993 490 2070 „Xanthiae
513 1995 667 2074 porcinae
691 1993 807 2055 nidore
842 1993 970 2069 allecto,
1007 1994 1032 2055 si
1068 1991 1198 2054 tandem
1233 1991 1434 2067 conticuerit,

151 2119 241 2183 spem
265 2100 344 2162 facit
366 2100 634 2163 farciminis“.-
651 2103 734 2164 1517
762 2100 843 2183 (an.)
868 2101 925 2163 τὸν
961 2105 1060 2164 θᾶκον
1096 2099 1143 2182 (ll.
1169 2100 1288 2177 θρόνον
1316 2104 1349 2161 et
1371 2102 1435 2162 θύι-

155 2209 225 2293 κον)
249 2209 309 2273 τόν
332 2209 412 2287 ἐμὸν
435 2209 582 2286 παράδος
606 2211 769 2288 Σοφοκλεῖ
792 2211 900 2286 τηρεῖν
924 2210 974 2270 καὶ
1009 2208 1187 2282 διασώζειν,
1221 2208 1263 2283 ἢν
1295 2203 1346 2284 ἄρ’
1371 2207 1434 2282 ἐγώ

157 2335 228 2379 ποτε
251 2312 341 2393 δεῦρ’
364 2315 537 2395 ἀφίκωμαι.

200 2423 251 2486 Ee.
279 2424 343 2486 247
369 2424 408 2486 σὲ
432 2424 670 2501 στρατηγὸν-
683 2420 857 2504 αἱρούμεθ’,
880 2423 921 2499 ἢν
933 2418 1023 2486 ταῦθ’
1040 2421 1194 2500 ἁπινοεῖς,
1208 2423 1434 2505 κατεργάοῄ-τ

162 2548 197 2592 ea
216 2529 407 2594 condicione
435 2535 481 2592 ut.

196 2637 248 2700 Fr.
277 2639 372 2714 100,3
398 2637 510 2715 δι’δωμι
527 2639 628 2716 χιλίας
652 2639 806 2718 δραχμάς,
821 2637 878 2703 ἐάν
894 2639 1167 2718 με-όιφῆτεεοα
1182 2637 1375 2700 condicione
1390 2639 1436 2698 ut.

197 2743 234 2827 2)
256 2741 297 2805 Α.
326 2744 407 2806 1031
436 2741 631 2824 (ὑπάλειψον
656 2743 763 2826 εἰρήνη
789 2764 826 2822 με
861 2742 1072 2824 τώφθαλμώ,)
1097 2742 1137 2819 ἤν
1170 2762 1242 2819 πως
1258 2742 1437 2821 κομίσωμαι

152 2851 197 2913 τὼ
221 2851 288 2928 βόε,
313 2849 403 2930 quod
427 2851 460 2912 in
483 2851 616 2914 scholiis
641 2851 824 2932 explicatur
847 2849 937 2927 ὅπως
961 2850 1115 2928 ἀπολάβω
1139 2850 1216 2926 τοὺς
1241 2849 1330 2926 βόας.

196 2955 238 3020 N.
265 2959 328 3020 535
355 2956 400 3039 (v.
426 2958 559 3040 Eupol.)
585 2957 603 3032 ἡ
620 2959 770 3043 κωμῳδία
785 2958 917 3035 Ζητοῦσ’
934 2957 1016 3036 ἦλθ’,
1032 2958 1072 3035 ἤν
1084 2977 1148 3021 που
1163 2955 1283 3037 ’πιτύχη
1297 2957 1436 3031 θεαταῖς.

196 3065 237 3126 V.
263 3067 324 3126 271
352 3064 439 3146 (terr.
464 3066 563 3128 ianrb.
588 3066 690 3147 syna.)
706 3070 794 3129 δοκεῖ
806 3101 850 3114 --
863 3065 963 3129 αὐτὸν
980 3038 1134 3138 ἐκκαλεῖν,
1153 3065 1326 3141 ἤν-πως
1342 3062 1437 3139 ἑρπύ-

150 3187 195 3255 ση
221 3171 270 3255 (ll.
295 3172 500 3256 ἑξερπύσῃς).
525 3174 589 3234 399
612 3169 696 3260 (an.)
720 3177 805 3250 παῖε,
828 3175 868 3252 ἤν
903 3194 973 3250 πως
1008 3173 1154 3252 πρύμνην
1189 3171 1237 3253 (ll.
1273 3168 1436 3250 πρύμναν)

148 3277 400 3356 ἀνακρούσηται.
428 3281 511 3341 1409
536 3280 692 3359 ἄκουσον,
716 3282 756 3359 ἤν
779 3281 806 3344 τί
830 3297 883 3345 σοι
907 3280 991 3348 δόξω
1015 3282 1127 3356 λέγειν.

197 3382 238 3443 R.
259 3384 323 3448 644
344 3386 553 3464 σκόπει-ἤν
578 3383 608 3466 μ’
634 3383 863 3465 ὑποκινήσαντ’
887 3388 968 3470 ἴδῃς.

198 3489 256 3552 Ec.
283 3493 345 3552 107
370 3494 485 3557 τούτου
498 3531 541 3540 -
554 3495 698 3573 τόλμημα
721 3500 887 3575 τολμῶμεν
914 3497 1076 3558 τοσοῦτον
1092 3493 1220 3573 οὕνεκα,
1237 3491 1277 3568 ἤν
1291 3511 1362 3567 πως
1377 3511 1437 3553 πα-

150 3601 307 3676 ραλαβεῖν
330 3603 387 3677 τῆς
411 3601 538 3678 πόλεως
562 3604 601 3664 τὰ
624 3601 793 3680 πράγματα
817 3602 996 3682 δυνώμεθα.

434 3895 479 3963 ΙΙ.
509 3894 829 3968 CONDICIONES
863 3894 1160 3967 GENERALES.

201 4077 240 4141 ln
258 4079 386 4158 protae·
410 4081 636 4146 condicionum
660 4086 859 4166 generalium
880 4083 1205 4164 memoraverim
1233 4081 1313 4144 locis
1348 4082 1438 4143 inue-

156 4189 273 4264 nimuS,
297 4187 450 4251 cordatum
479 4192 530 4251 36.

501 4332 738 4396 Praesens
775 4337 1092 4398 coniunctiri.

204 4473 241 4535 In
264 4473 395 4553 upodosi
416 4476 610 4557 plerumque
635 4485 682 4540 est
718 4489 772 4540 aut
807 4480 1005 4561 intellegitur
1037 4497 1140 4559 praec
1176 4477 1243 4542 iud.
1281 4481 1318 4539 31
1352 4477 1439 4540 locis:

162 4579 215 4658 (A.
242 4581 437 4664 tuat-E.
465 4585 539 4644 575.
572 4586 647 4647 860.
685 4586 872 4649 867.-Ν.
912 4589 963 4648 98.
1000 4587 1091 4668 (484.
1127 4587 1218 4670 485).
1253 4588 1327 4647 494.
1366 4587 1440 4646 579.

1316 4695 1333 4744 4
