3466 5406
848 405 1024 468 ..42-

293 563 421 646 Engero
445 563 624 628 sententiae
649 581 830 647 repugnare
853 562 991 642 videtur,
1026 573 1098 626 meo
1133 560 1256 625 iudicio
1292 562 1412 626 bonum
1442 579 1565 622 sensum

292 670 438 752 praebet:
466 671 513 748 „si
537 671 609 750 quis
632 670 784 747 nefarius,
810 671 866 751 qui
889 689 973 733 nunc
996 670 1078 732 latet
1101 667 1146 750 (v.
1173 667 1261 754 664),
1285 688 1350 733 non
1369 667 1488 750 fugerit
1504 685 1564 740 me,

290 794 413 860 poenas
437 776 560 842 dabir.
586 776 650 840 Sed
674 778 828 858 quoniam
851 779 934 841 haec
958 776 1055 840 lectio
1080 782 1218 839 metrum
1250 774 1446 858 pessumdat,
1479 770 1567 836 aliud

294 871 462 966 quidpiam
484 884 715 950 inveniendum
740 890 796 948 est.
820 882 895 947 Non
915 883 1004 947 mala
1026 888 1074 947 est
1097 883 1139 947 ad
1163 903 1289 947 sensum
1324 881 1455 964 quidem
1490 879 1566 944 Rei·

291 992 366 1074 sigii
390 992 576 1055 coniectura
598 990 703 1074 (Com.
726 1012 759 1076 p.
785 993 873 1077 277)
887 993 926 1070 ἢν
950 994 1011 1069 γὰρ
1035 996 1153 1075 ληφθῇ,
1178 989 1235 1054 sed
1261 1011 1301 1070 „a
1323 989 1426 1054 literis
1453 989 1566 1073 procul

293 1101 455 1178 aberrat“‚
479 1105 515 1163 ut
537 1106 625 1164 reete
648 1100 733 1163 vidit
755 1101 968 1163 Fritusoheus.
993 1099 1067 1182 lpse
1091 1100 1284 1162 tentaverim
1308 1099 1334 1163 εἰ
1356 1100 1417 1176 γάρ
1442 1093 1470 1176 μ’
1496 1095 1566 1161 ἔλα·

293 1213 348 1271 θεν
371 1207 405 1272 in
427 1207 511 1294 hanc
534 1208 737 1275 sententiam:
766 1223 860 1286 „nam
884 1208 912 1269 si
936 1207 1008 1288 quis
1032 1207 1116 1269 elam
1139 1225 1191 1270 me
1213 1206 1247 1267 in
1274 1203 1403 1268 Thesm.
1418 1208 1567 1287 penetra-

293 1312 351 1390 vit,
370 1311 590 1394 is.(prolecto,
616 1313 879 1397 comprehensus)
902 1332 1025 1395 poenas
1051 1312 1173 1377 dabit“:
1198 1315 1359 1375 scrutatur
1382 1309 1468 1373 enim
1492 1310 1568 1371 oho-

292 1439 356 1496 rus,
379 1440 456 1483 num
481 1422 553 1503 quis
576 1421 658 1486 forte
681 1422 748 1484 iam
770 1421 1002 1506 penetraverit,
1034 1439 1100 1481 non
1133 1420 1206 1496 hoc,
1241 1438 1316 1480 uum
1343 1421 1568 1499 penetraturus

292 1530 342 1593 sit.
364 1529 513 1611 Syllabas
537 1534 645 1592 autem
670 1550 703 1593 εν
729 1533 760 1592 et
783 1550 801 1607 η
821 1535 955 1612 propter
978 1526 1222 1591 similitudinem
1246 1530 1396 1590 notarum
1418 1525 1451 1592 in
1479 1523 1568 1596 codi-

292 1637 382 1701 cibus
406 1636 494 1700 haud
516 1655 590 1699 raro
616 1635 767 1699 conlundi
788 1641 901 1701 auctor
925 1641 973 1698 est
994 1635 1124 1699 Bestius
1146 1655 1178 1717 p.
1204 1637 1278 1697 762.

338 1746 400 1808 693
425 1748 576 1808 τοῦτο-
592 1743 750 1808 οὐδέποτε
764 1747 961 1822 -ψωαιεῖς,
986 1743 1026 1821 ἢν
1050 1743 1089 1822 μή
1115 1741 1144 1822 μ’
1168 1742 1282 1821 ἀφῆτε.
1301 1743 1363 1806 927
1382 1741 1420 1806 ού
1437 1762 1568 1819 -προ-

291 1851 391 1916 δώσω
415 1849 546 1928 σ’,-ἢν
569 1851 609 1929 μή
634 1850 812 1928 προλίπωσ
836 1849 884 1934 (ll.
908 1845 1118 1932 rooleiumol
1143 1847 1174 1912 αἱ
1196 1847 1300 1926 μυρίαι
1325 1868 1362 1926 με
1377 1849 1522 1928 μηχαναί.

339 1962 490 2024 litt-7
516 1958 949 2038 ἢν-κομίσωμαιπούτον,
975 1955 1072 2022 οὐδὲν
1096 1956 1136 2035 μή
1161 1975 1239 2037 ποτε
1255 1958 1361 2032 κακῶς
1380 1952 1568 2019 ἀκούσεσθ’·

290 2067 331 2144 ἢν
354 2065 390 2132 δὲ
413 2067 454 2144 μή
479 2066 615 2146 πίθησθέ
639 2049 851 2144 parf-roiam
875 2063 1166 2145 ἀνδράσιν-ὑμῶν
1183 2066 1333 2144 διαβαλῶ.
1351 2062 1390 2125 In
1404 2063 1456 2126 his
1473 2062 1571 2128 ἀκού-

284 2170 380 2238 σεσθ’
403 2178 451 2236 est
475 2173 655 2256 Hirschigii
680 2173 867 2236 coniectura
884 2174 931 2256 (in
955 2173 1032 2236 edit.
1056 2171 1153 2253 Vesp.
1177 2191 1209 2257 p.
1237 2171 1326 2255 155),
1341 2171 1475 2249 πίθησθε
1486 2170 1569 2233 Din-

286 2279 391 2356 dortii;
418 2279 548 2342 codices
571 2281 693 2345 habent
727 2273 892 2345 ἀκούσαιτ’
928 2285 960 2344 et
993 2280 1157 2358 πείθησθε.
1193 2279 1242 2342 Ac
1279 2279 1431 2356 πείθησθε
1456 2298 1569 2362 supra

282 2386 408 2451 ostendi
431 2386 477 2469 (p.
503 2386 559 2469 38)
583 2387 666 2450 nihil
689 2407 769 2470 opus
793 2406 861 2450 esse
886 2389 919 2450 in
943 2387 1097 2450 aoristum
1120 2387 1250 2463 mutari;
1287 2386 1353 2447 iam
1389 2383 1496 2448 dicam
1529 2385 1569 2450 dc

283 2496 463 2578 Hirschigii
487 2494 723 2559 emendatione.
750 2495 930 2560 Ἀκούσαιτ’
954 2495 1111 2558 librorum
1135 2494 1249 2577 procul
1267 2493 1365 2557 dubio
1381 2498 1568 2574 corruptum

285 2608 341 2668 est:
364 2623 441 2666 nam
463 2604 497 2665 in
521 2603 650 2679 talibus,
675 2603 732 2667 ubi
758 2602 880 2688 duplici
905 2603 944 2666 οὐ
969 2602 1009 2681 μή
1034 2600 1176 2684 negandi
1199 2601 1249 2662 vis
1274 2604 1397 2661 tantum
1430 2605 1568 2681 augetur

283 2727 389 2791 neque
412 2710 560 2772 relativa
582 2710 742 2772 sententia
766 2708 887 2788 evadit,
911 2714 968 2771 aut
991 2727 1058 2772 aor.
1085 2707 1167 2770 coni.
1193 2711 1248 2768 aut
1281 2707 1373 2770 sutor.
1411 2706 1476 2768 ind.
1501 2705 1567 2769 diei

282 2820 399 2899 potest.
424 2816 542 2879 Utrum
565 2816 664 2900 igitur
686 2817 741 2879 hic
774 2819 1024 2900 praeterendum
1060 2825 1162 2882 est-
1176 2817 1352 2883 ἀκούσεσθ’
1386 2817 1566 2900 Hirschigii

285 2943 326 2986 an
350 2920 503 3002 ἀκούσητ’
525 2922 671 2999 Elmslei‚
696 2928 731 2985 ut
764 2924 804 2987 de
837 2927 977 2990 barbaro
1013 2924 1162 2990 ἀκούσετ’
1197 2924 1323 2988 Bentlei
1361 2904 1566 3007 aliorumque

285 3028 427 3094 taceam?
450 3030 558 3116 Atque
581 3031 648 3094 iam
671 3032 777 3113 primo
802 3039 935 3116 aspectu
958 3032 1094 3096 Elmslei
1119 3033 1275 3095 correctio
1313 3036 1480 3117 praestare
1516 3033 1566 3094 vi·

285 3137 387 3213 detur,
413 3139 534 3220 quippe
558 3156 643 3220 quae
665 3139 799 3222 propius
824 3140 866 3202 ad
890 3141 1046 3206 librorum
1079 3142 1271 3222 scripturam
1308 3138 1452 3202 accedat:
1489 3160 1565 3204 nam
1636 3135 1639 3142 ’

284 3246 471 3327 saepissime
495 3247 529 3308 in
553 3246 720 3310 codicibus
745 3269 776 3310 oo
800 3254 832 3310 et
855 3269 873 3326 η
899 3249 983 3328 inter
1006 3269 1040 3312 se
1063 3248 1242 3331 permutari
1258 3249 1343 3311 inter
1360 3268 1469 3311 omnes
1488 3267 1564 3311 con·

284 3356 348 3413 stat
373 3350 425 3435 (cf.
450 3351 538 3415 Bast.
561 3373 594 3436 p.
621 3352 710 3436 752).
735 3351 826 3416 Idem
851 3374 923 3418 cum
948 3356 1087 3420 aliorum
1124 3359 1190 3419 tum
1225 3355 1326 3438 ipsius
1361 3356 1476 3419 comici
1506 3378 1564 3419 usu

286 3458 613 3522 commendatores
637 3459 676 3523 de
702 3461 817 3524 ceteris
841 3463 973 3543 quidem
998 3465 1119 3546 optime
1144 3461 1345 3528 Goodwinus
1361 3463 1450 3546 Synt.
1468 3461 1485 3546 ξ
1501 3467 1563 3527 295

284 3571 317 3630 et
338 3565 523 3649 Madvigius
547 3566 636 3647 Sunt.
672 3568 689 3651 §
715 3571 787 3646 123,
823 3591 854 3632 n.
892 3577 909 3634 3
947 3570 1151 3652 disputarunt
1185 3571 1417 3650 eviceruntque
1452 3571 1563 3632 aoristi

284 3677 434 3738 usumin
459 3675 577 3738 talibus
601 3676 701 3738 multo
726 3677 976 3758 frequentiorem
1002 3696 1070 3741 esse
1094 3697 1192 3758 quam
1209 3677 1317 3740 futuri.
1333 3677 1424 3740 Idem
1441 3679 1474 3738 in
1491 3678 1565 3738 Ari-

284 3785 474 3867 stophanem
500 3800 629 3863 quoque
654 3784 750 3848 cadit.
777 3782 917 3849 Omnino
944 3789 1029 3850 enim
1053 3788 1134 3849 haec
1160 3788 1353 3850 constructio
1377 3787 1412 3850 in
1436 3805 1564 3848 comoe-

286 3890 348 3955 diis
373 3893 411 3954 12
436 3891 516 3953 locis
540 3892 713 3956 invenitur:
739 3911 778 3954 ex
801 3895 851 3955 his
877 3897 893 3958 o
915 3894 996 3957 locis
1020 3897 1157 3957 aoristus
1181 3893 1338 3970 secundus
1368 3895 1491 3975 positus
1518 3897 1564 3956 est

284 4017 389 4080 neque
414 3996 592 4081 quidquam
618 3998 710 4063 dubii
743 4000 907 4083 relinquit:
945 4003 984 4067 A.
1011 4001 1073 4066 662
1099 4003 1176 4070 ἁλῶ.
1213 4001 1251 4065 V.
1279 4005 1342 4066 394
1362 4001 1563 4080 ἀποπάρδω.

284 4107 322 4169 Ρ.
349 4107 434 4170 1304
458 4107 600 4189 tritten.
626 4105 688 4168 Av.
713 4109 775 4171 461
802 4113 1006 4191 παραβῶμεν.
1030 4109 1065 4174 L.
1093 4112 1156 4176 363
1181 4111 1322 4190 λάβηται.
1347 4109 1383 4174 L.
1409 4112 1472 4172 492
1487 4115 1563 4175 καθ-

285 4214 412 4277 έλωσιν.
437 4212 593 4276 Futurum
628 4233 691 4276 nno
726 4219 849 4277 tantum
873 4216 945 4279 loco
973 4224 1096 4280 certum
1121 4222 1178 4281 est:
1203 4217 1243 4280 R.
1269 4221 1334 4282 508
1357 4217 1562 4297 περιόψομαι.

283 4318 432 4399 Reliquis
458 4321 599 4401 quinque
622 4319 713 4397 locis,
738 4323 792 4384 ubi
818 4321 919 4385 torma
943 4325 1124 4408 'sygmatica
1147 4325 1274 4407 legitur,
1301 4327 1360 4387 etsi
1382 4343 1443 4406 pro
1474 4329 1561 4388 certo

283 4425 438 4492 offirmari
461 4447 525 4492 non
547 4433 664 4512 potest,
688 4427 786 4491 futuri
809 4429 874 4493 ind.
901 4451 942 4494 an
966 4432 1079 4494 aoristi
1103 4433 1185 4494 coni.
1210 4433 1260 4508 sit,
1286 4436 1393 4494 tamen
1405 4431 1563 4496 librorum

282 4529 379 4604 lectio
404 4535 469 4603 t'cre
494 4537 649 4606 oeristum
674 4536 888 4617 commendas,
913 4543 948 4606 ut
972 4537 1068 4626 Vesp.
1096 4541 1158 4604 612
1185 4538 1226 4623 (si
1249 4544 1336 4606 recte
1358 4540 1415 4608 κού
1432 4560 1491 4628 pro
1511 4539 1563 4605 καί
