3446 5396
813 469 1012 531 *156*-

316 630 366 694 De
390 651 448 694 usu
472 636 652 714 temporum
676 631 828 694 infinitivi
852 651 882 694 v.
906 629 1082 694 Sturmium
1104 650 1136 712 p.
1163 633 1237 696 367.

302 737 514 805 ‚Ioulioatious
538 738 652 803 enuisti
667 740 810 821 sequitui·
825 740 1013 821 negativam
1026 739 1218 802 sententiam
1229 739 1261 801 in
1272 737 1333 800 lv.
1350 741 1424 815 700;
1438 737 1544 821 infini-

271 847 355 912 ttae
372 849 423 913 ’54
446 847 526 912 loeis
549 849 734 931 positivam,
761 848 1022 930 iwnegativam:
1046 845 1087 912 N.
1114 848 1209 912 1402.
1234 848 1271 911 P.
1297 849 1371 910 307.
1395 847 1545 910 Eeofill.

316 952 357 1020 N.
381 957 468 1020 ’1402
492 955 584 1040 (teu.
603 956 729 1040 iamb.)‘
742 955 811 1021 οὐδ’
831 955 876 1020 ἀν
898 953 956 1033 τρί’
982 955 1080 1020 εἰπεῖν
1105 953 1217 1035 ῥήμαθ’
1240 954 1312 1034 οἷός
1335 953 1546 1038 τ’ἦ(11.ἠν),

273 1065 346 1140 πρὶν
370 1063 564 1143 ἐξαμαρτεῖν.

317 1170 354 1236 Ρ.
381 1173 444 1236 307
470 1171 537 1256 (tr.)
563 1170 737 1237 οὔκω-ἔσθ’
765 1173 853 1251 ὅπως
878 1172 1022 1237 ἀπειπεῖν
1047 1171 1086 1236 ἀν
1110 1174 1195 1236 δοκῶ
1221 1191 1272 1250 μοι
1296 1168 1343 1254 (ll.
1368 1169 1439 1254 μὲν)
1456 1171 1546 1251 τήμε-

275 1297 344 1357 ρον,
369 1279 659 1357 opis-&vetulum
680 1280 739 1358 τὴν
763 1279 1052 1358 θεῶν-μεγίστην,

318 1386 375 1450 Ee.
402 1388 465 1449 589
493 1385 574 1470 (en.)
599 1387 639 1466 μή
665 1408 723 1452 νυν
746 1387 904 1465 πρότερον
928 1387 1036 1465 μηδεὶς
1049 1387 1138 1465 ὑμῶν
1155 1385 1282 1470 ἀντείπῃ
1298 1385 1369 1465 μηδ’
1387 1385 1547 1464 ὑποκρού-

214 1537 218 1548 ·
274 1512 328 1579 σῃ,
352 1498 427 1574 πρὶν
452 1496 642 1561 ἐπίστασθαι
665 1495 723 1572 τὴν
746 1494 888 1558 ἐπίνοιαν
913 1496 963 1559 καὶ
986 1495 1043 1558 τοῦ
1068 1495 1248 1572 φράζοντος
1272 1495 1420 1558 ἀκοῦσαι.

268 1607 269 1610 ’
318 1599 462 1686 Quorum
485 1603 519 1665 iu
541 1602 705 1688 prioribus
729 1600 854 1694 duobus
879 1601 1056 1664 infinitivus
1081 1620 1118 1666 eo
1144 1601 1291 1664 excusari
1313 1604 1431 1685 potest,
1463 1599 1549 1681 quod

273 1710 369 1778 aliter
392 1711 556 1794 optativus
578 1708 746 1794 ponendus
770 1713 849 1774 erat:
874 1708 908 1772 in
930 1707 971 1772 N.
1002 1711 1082 1772 1402
1108 1711 1186 1791 quia
1207 1709 1370 1796 generalis
1391 1710 1550 1776 sententia

274 1815 330 1898 est,
355 1815 449 1882 in'P.
475 1821 537 1882 307
564 1819 642 1899 quia
665 1811 843 1881 infinitivus
869 1838 941 1880 oum
977 1817 1016 1883 ἄν
1039 1817 1217 1904 praeeedit,
1243 1838 1282 1882 ex
1306 1819 1453 1902 optativo
1478 1837 1550 1881 oum

274 1926 313 1992 ἀν
337 1930 424 1991 ortus
449 1925 493 2010 (v.
515 1923 693 1990 'Goodwim
720 1927 809 2005 043).
835 1923 970 1990 Constat
994 1929 1102 1989 autem
1126 1925 1389 2009 Aristophanem,
1406 1925 1550 2007 Aeschy-

272 2035 349 2110 lum,
374 2033 566 2118 Euripidem
583 2034 729 2117 optativo
767 2053 840 2096 oum
874 2035 947 2113 πρίν
980 2053 1112 2116 prorsus
1148 2035 1339 2099 abstinuisse
1363 2033 1493 2118 (Sturm.
1517 2053 1550 2116 p.

166 2161 169 2170 ’
275 2141 431 2223 ste-7),
455 2161 514 2206 nee
542 2139 623 2204 alios
646 2140 785 2206 libenter
808 2160 882 2204 usos
906 2160 974 2206 esse
998 2139 1185 2226 (Goodwin.
1218 2142 1307 2223 629);
1332 2142 1365 2206 in
1392 2141 1551 2224 generali·

273 2252 333 2314 bus
356 2269 434 2314 vero
459 2250 624 2315 sententiis
647 2251 817 2332 praeteriti
841 2251 995 2334 temporis
1019 2249 1153 2314 dubium
1176 2255 1224 2314 est
1248 2270 1289 2314 an
1309 2267 1469 2331 nusquam
1498 2269 1550 2314 oe-

275 2363 384 2420 ourrat
407 2353 594 2441 (Goodwin.
632 2345 752 2424 629ὀά
775 2354 868 2446 646),
903 2357 1080 2424 infinitivus
1113 2363 1220 2422 autem
1243 2359 1305 2422 hoo
1329 2377 1423 2424 sensu
1447 2359 1552 2424 dietus

276 2471 324 2529 est
347 2465 433 2549 apud
455 2465 540 2530 Xen.
566 2463 640 2548 Cpr.
666 2470 696 2543 8,
732 2471 760 2544 l,
783 2469 835 2530 38.
859 2465 922 2529 An.
954 2471 984 2544 4,
1013 2469 1042 2544 5,
1069 2468 1119 2544 30,
1144 2471 1181 2530 ut
1201 2466 1243 2531 N.
1281 2469 1377 2544 1402,
1403 2487 1422 2529 a
1444 2486 1552 2550 grem·

275 2575 404 2637 matiois
425 2573 490 2637 illis
513 2574 689 2656 neglectus,
713 2574 809 2637 istam
832 2572 938 2657 legem
962 2575 1296 2640 confirmet—Tertio
1320 2575 1392 2638 loeo
1420 2576 1554 2641 infiniti-

278 2703 352 2744 vum
375 2702 435 2766 pro
461 2682 667 2746 eoniunotivo
693 2701 766 2745 eum
790 2681 829 2746 ἄν
854 2681 976 2746 dietum
999 2683 1040 2746 ab
1066 2687 1316 2765 anapaestorum
1338 2682 1473 2746 lieentia
1501 2703 1554 2747 ex-

277 2791 473 2854 eusationem
496 2791 619 2855 hebere
641 2793 731 2873 puto,
756 2808 955 2873 quamquam
967 2787 1201 2854 Demosthenes
1219 2808 1348 2872 quoque
1366 2785 1552 2874 (Goodwin.

278 2898 355 2983 620)
379 2898 478 2961 simili
501 2897 574 2961 looo
598 2897 638 2976 V,
666 2901 704 2961 15
742 2899 792 2962 καί
823 2919 875 2978 μοι
899 2890 939 2979 μὴ
965 2881 1131 2982 θορυβήσῃ
1168 2901 1275 2978 μηδεὶς
1310 2899 1383 2978 πρὶν
1419 2899 1555 2965 ἀκοῦσαι

276 3007 437 3071 infinitivo
463 3007 573 3070 utitur.
891 3033 893 3038 ¹
1075 2998 1077 3006 '

321 3187 406 3250 Aoo.
435 3190 462 3250 l.
487 3185 676 3250 Notandum
712 3192 770 3265 est,
806 3187 840 3249 in
873 3185 914 3252 N.
953 3188 1035 3250 1402
1065 3187 1138 3266 πρίν
1161 3186 1249 3251 idem
1272 3187 1339 3252 fere
1363 3206 1431 3251 esse
1457 3192 1555 3272 etque

276 3294 361 3360 ὥστε
384 3295 424 3374 μή
454 3295 585 3376 „quin“,
610 3293 649 3359 de
674 3313 739 3376 qua
762 3297 795 3358 vi
818 3285 1002 3378 particulas
1028 3293 1109 3358 dixit
1132 3293 1291 3358 Sturmius
1314 3315 1347 3378 p.
1374 3297 1447 3360 348.

320 3399 406 3468 Aoo.
431 3404 461 3466 2.
488 3400 641 3470 Ceterum
664 3405 699 3472 in
720 3405 758 3468 P.
780 3407 843 3469 306
867 3425 984 3487 parum
1007 3409 1096 3474 reete
1107 3408 1186 3486 puto
1203 3403 1413 3470 Meinekeum
1425 3424 1484 3487 pro
1501 3405 1556 3484 μέν

276 3512 457 3594 reposuisse
481 3531 543 3592 pot:
569 3531 653 3594 quae
677 3515 763 3583 enim
787 3518 835 3578 est
858 3513 940 3581 haee
965 3513 1134 3580 sententia·
1159 3511 1219 3578 οὐκ
1243 3513 1313 3578 ἔσθ’
1351 3512 1442 3592 ὅπως
1470 3517 1556 3578 δοκῶ

277 3641 329 3699 μοι
353 3620 498 3688 ἀπειπεῖν
521 3620 561 3686 ἀν
588 3621 678 3703 „lieri
702 3642 767 3686 non
788 3625 896 3706 potest
929 3625 966 3684 ut
1000 3620 1146 3686 defetisei
1163 3641 1274 3706 ¹posse
1308 3621 1389 3686 mihi
1421 3620 1553 3703 videar“

280 3736 448 3811 „santpno
473 3737 540 3794 usis
564 3750 717 3810 semesos,
741 3750 800 3794 uso
824 3751 844 3794 s
868 3750 908 3796 se
930 3749 1021 3814 ποορ
1037 3728 1194 3814 yeneno
1220 3729 1306 3794 Nam
1328 3730 1392 3797 ists
1416 3731 1557 3797 affirma·

278 3839 365 3902 tione
390 3837 452 3902 οὐκ
475 3838 545 3902 ἔσθ’
579 3837 681 3918 ὅπως,
706 3841 733 3914 si
758 3839 798 3903 de
830 3858 866 3926 se
889 3839 1130 3931 praeseutivel
1152 3840 1331 3922 praeterita
1355 3839 1471 3921 agitur,
1496 3857 1560 3904 non

277 3945 375 4010 laoile
392 3946 576 4041 3quisquam,
595 3948 641 4012 uti
665 3952 781 4038 potest,
799 3948 868 4012 *nisi
892 3967 965 4012 eum
990 3947 1030 4010 de
1055 3946 1122 4010 alia
1145 3966 1285 4032 persona
1309 3947 1362 4010 vel
1389 3965 1424 4010 re
1451 3945 1557 4028 loqui·

281 4060 343 4134 tur;
366 4055 457 4123 inse
482 4059 590 4121 autem
613 4056 684 4140 ipso
710 4061 777 4144 tum
800 4059 925 4121 tantum
950 4058 1070 4139 potest,
1095 4075 1169 4120 oum
1193 4055 1319 4138 aliquid
1342 4075 1376 4121 se
1399 4055 1559 4120 iacturum

278 4162 331 4227 vel
353 4144 523 4246 passurum
547 4163 595 4248 (in
618 4163 734 4258 futuro.
748 4163 862 4248 igitur)
886 4183 946 4246 pro
972 4168 1059 4236 eerte
1089 4164 1241 4228 affirmat.
1265 4165 1281 4203 *
1304 4165 1395 4228 Haeo
1411 4169 1451 4228 .et
1473 4165 1557 4228 ratio

313 4335 327 4370 *
347 4337 389 4392 De
410 4352 463 4393 sua
477 4339 625 4408 'praesenti
645 4339 754 4396 actions
774 4339 820 4396 vel
838 4345 917 4396 statu
936 4347 996 4394 tum
1016 4341 1120 4410 aliquis
1139 4341 1195 4396 ista
1216 4341 1427 4397 constructione
1451 4342 1492 4396 uti
1511 4357 1560 4412 po·

279 4433 344 4496 test,
363 4429 507 4498 cumipse
528 4429 589 4486 eius
608 4429 650 4486 rei
670 4429 786 4499 ignarus
808 4433 898 4486 estet
918 4427 1046 4486 sliounde
1066 4431 1186 4502 colligit,
1206 4411 1291 4487 aliter
1311 4447 1369 4486 rem
1395 4447 1424 4486 se
1455 4431 1560 4486 habere

278 4533 334 4574 non
353 4532 447 4588 posse.
466 4518 564 4574 Veluti
581 4517 662 4589 „fieri
683 4535 740 4576 non
758 4524 856 4588 potest
870 4518 944 4588 =quin
963 4520 1130 4578 vulneratus
1151 4519 1226 4576 sim“¹
1238 4525 1296 4574 tum
1317 4519 1411 4575 disere
1438 4519 1561 4589 possum,

280 4623 341 4695 eum
360 4608 452 4676 ipsum
471 4608 572 4665 vulnus
592 4627 646 4665 non
665 4609 747 4667 uideo
767 4609 811 4665 vel
832 4610 1005 4680 mosomio,
1030 4610 1081 4686 sled
1105 4628 1142 4666 ex
1170 4609 1229 4684 slis
1248 4625 1279 4666 re
1300 4608 1469 4668 deuoluere
1493 4625 1559 4664 oon-

279 4701 415 4753 ¹eeturem
434 4697 519 4753 lesio.
