<?xml version="1.0" encoding="UTF-8"?>
<!DOCTYPE html PUBLIC "-//W3C//DTD XHTML 1.0 Transitional//EN"
    "http://www.w3.org/TR/xhtml1/DTD/xhtml1-transitional.dtd">
<html xmlns="http://www.w3.org/1999/xhtml" xml:lang="en" lang="en">
 <head>
  <title>
</title>
<meta http-equiv="Content-Type" content="text/html;charset=utf-8" />
  <meta name='ocr-system' content='tesseract 3.04.00' />
  <meta name='ocr-capabilities' content='ocr_page ocr_carea ocr_par ocr_line ocrx_word'/>
</head>
<body>
  <div class='ocr_page' id='page_1' title='image "./syntaxisaristop00sobogoog_0061.png"; bbox 0 0 3466 5406; ppageno 0'>
   <div class='ocr_carea' id='block_1_1' title="bbox 830 440 1006 502">
    <p class='ocr_par' dir='ltr' id='par_1_1' title="bbox 830 440 1006 502">
     <span class='ocr_line' id='line_1_1' title="bbox 830 440 1006 502; baseline 0 -18"><span class='ocrx_word' id='word_1_1' title='bbox 830 440 1006 502; x_wconf 76' lang='grc'><strong>..46-</strong></span> 
     </span>
    </p>
   </div>
   <div class='ocr_carea' id='block_1_2' title="bbox 215 595 1582 3686">
    <p class='ocr_par' dir='ltr' id='par_1_2' title="bbox 215 595 1582 3686">
     <span class='ocr_line' id='line_1_2' title="bbox 290 595 1579 683; baseline -0.005 -21"><span class='ocrx_word' id='word_1_2' title='bbox 290 601 408 683; x_wconf 87' lang='lat' dir='ltr'>quitur,</span> <span class='ocrx_word' id='word_1_3' title='bbox 432 606 469 662; x_wconf 94' lang='lat' dir='ltr'>ut</span> <span class='ocrx_word' id='word_1_4' title='bbox 492 601 532 663; x_wconf 92' lang='lat' dir='ltr'>de</span> <span class='ocrx_word' id='word_1_5' title='bbox 556 598 724 679; x_wconf 75' lang='lat' dir='ltr'>Blaydesii</span> <span class='ocrx_word' id='word_1_6' title='bbox 748 599 958 660; x_wconf 75' lang='lat' dir='ltr'>annotatione</span> <span class='ocrx_word' id='word_1_7' title='bbox 980 615 1088 679; x_wconf 90' lang='lat' dir='ltr'>pauca</span> <span class='ocrx_word' id='word_1_8' title='bbox 1113 595 1229 658; x_wconf 88' lang='lat' dir='ltr'>dicam.</span> <span class='ocrx_word' id='word_1_9' title='bbox 1265 596 1337 673; x_wconf 92' lang='lat' dir='ltr'>Hic,</span> <span class='ocrx_word' id='word_1_10' title='bbox 1369 595 1579 658; x_wconf 84' lang='lat' dir='ltr'>Brunckinm</span> 
     </span>
     <span class='ocr_line' id='line_1_3' title="bbox 290 703 1580 786; baseline -0.005 -15"><span class='ocrx_word' id='word_1_11' title='bbox 290 712 427 785; x_wconf 85' lang='lat' dir='ltr'>secutus,</span> <span class='ocrx_word' id='word_1_12' title='bbox 456 707 582 770; x_wconf 87' lang='lat' dir='ltr'>codicis</span> <span class='ocrx_word' id='word_1_13' title='bbox 602 705 628 769; x_wconf 93' lang='lat' dir='ltr'><strong>B</strong></span> <span class='ocrx_word' id='word_1_14' title='bbox 652 706 827 770; x_wconf 88' lang='lat' dir='ltr'>lectionem</span> <span class='ocrx_word' id='word_1_15' title='bbox 862 705 919 783; x_wconf 84' lang='grc' dir='ltr'>τήν</span> <span class='ocrx_word' id='word_1_16' title='bbox 956 703 1081 768; x_wconf 86' lang='grc' dir='ltr'>ἄνωθεν</span> <span class='ocrx_word' id='word_1_17' title='bbox 1116 705 1280 786; x_wconf 81' lang='lat' dir='ltr'>approbat</span> <span class='ocrx_word' id='word_1_18' title='bbox 1313 705 1425 786; x_wconf 90' lang='lat' dir='ltr'>itaque</span> <span class='ocrx_word' id='word_1_19' title='bbox 1462 705 1580 766; x_wconf 85' lang='lat' dir='ltr'>vertit:</span> 
     </span>
     <span class='ocr_line' id='line_1_4' title="bbox 282 812 1581 898; baseline -0.002 -22"><span class='ocrx_word' id='word_1_20' title='bbox 282 815 402 894; x_wconf 77' lang='lat' dir='ltr'>,illam</span> <span class='ocrx_word' id='word_1_21' title='bbox 427 834 512 896; x_wconf 86' lang='lat' dir='ltr'>quae</span> <span class='ocrx_word' id='word_1_22' title='bbox 536 834 635 898; x_wconf 90' lang='lat' dir='ltr'>supra</span> <span class='ocrx_word' id='word_1_23' title='bbox 658 831 710 876; x_wconf 90' lang='lat' dir='ltr'>me</span> <span class='ocrx_word' id='word_1_24' title='bbox 733 813 838 891; x_wconf 86' lang='lat' dir='ltr'>fuerit,</span> <span class='ocrx_word' id='word_1_25' title='bbox 863 812 933 875; x_wconf 88' lang='lat' dir='ltr'>sive</span> <span class='ocrx_word' id='word_1_26' title='bbox 957 830 1055 892; x_wconf 90' lang='lat' dir='ltr'>quam</span> <span class='ocrx_word' id='word_1_27' title='bbox 1078 813 1189 876; x_wconf 91' lang='lat' dir='ltr'>subter</span> <span class='ocrx_word' id='word_1_28' title='bbox 1201 817 1345 875; x_wconf 89' lang='lat' dir='ltr'>mortuus</span> <span class='ocrx_word' id='word_1_29' title='bbox 1361 813 1489 889; x_wconf 83' lang='lat' dir='ltr'>fuero“,</span> <span class='ocrx_word' id='word_1_30' title='bbox 1504 829 1581 875; x_wconf 89' lang='lat' dir='ltr'>seu-</span> 
     </span>
     <span class='ocr_line' id='line_1_5' title="bbox 289 917 1582 1004; baseline -0.004 -19"><span class='ocrx_word' id='word_1_31' title='bbox 289 923 628 1004; x_wconf 81' lang='grc' dir='ltr'>ίοιιίίοκακεμφάτως</span> <span class='ocrx_word' id='word_1_32' title='bbox 653 926 800 1002; x_wconf 87' lang='lat' dir='ltr'>accepta:</span> <span class='ocrx_word' id='word_1_33' title='bbox 825 923 1000 1001; x_wconf 83' lang='lat' dir='ltr'>questam</span> <span class='ocrx_word' id='word_1_34' title='bbox 1024 919 1204 982; x_wconf 80' lang='lat' dir='ltr'>artificiosa</span> <span class='ocrx_word' id='word_1_35' title='bbox 1226 923 1308 995; x_wconf 88' lang='lat' dir='ltr'>sunt,</span> <span class='ocrx_word' id='word_1_36' title='bbox 1345 922 1382 981; x_wconf 92' lang='lat' dir='ltr'>ut</span> <span class='ocrx_word' id='word_1_37' title='bbox 1416 917 1582 994; x_wconf 82' lang='lat' dir='ltr'>dubitem,</span> 
     </span>
     <span class='ocr_line' id='line_1_6' title="bbox 291 1024 1582 1108; baseline -0.005 -17"><span class='ocrx_word' id='word_1_38' title='bbox 291 1048 333 1091; x_wconf 88' lang='lat' dir='ltr'>an</span> <span class='ocrx_word' id='word_1_39' title='bbox 354 1047 395 1091; x_wconf 91' lang='lat' dir='ltr'>ne</span> <span class='ocrx_word' id='word_1_40' title='bbox 419 1027 521 1090; x_wconf 86' lang='lat' dir='ltr'>Attici</span> <span class='ocrx_word' id='word_1_41' title='bbox 546 1027 686 1108; x_wconf 90' lang='lat' dir='ltr'>quidem,</span> <span class='ocrx_word' id='word_1_42' title='bbox 723 1026 872 1107; x_wconf 86' lang='lat' dir='ltr'>quamvis</span> <span class='ocrx_word' id='word_1_43' title='bbox 906 1026 972 1088; x_wconf 90' lang='lat' dir='ltr'>acri</span> <span class='ocrx_word' id='word_1_44' title='bbox 1008 1029 1112 1087; x_wconf 89' lang='lat' dir='ltr'>essent</span> <span class='ocrx_word' id='word_1_45' title='bbox 1146 1025 1288 1107; x_wconf 86' lang='lat' dir='ltr'>ingenio,</span> <span class='ocrx_word' id='word_1_46' title='bbox 1312 1025 1379 1086; x_wconf 91' lang='lat' dir='ltr'>sine</span> <span class='ocrx_word' id='word_1_47' title='bbox 1401 1024 1582 1105; x_wconf 73' lang='lat' dir='ltr'>Blaydesii</span> 
     </span>
     <span class='ocr_line' id='line_1_7' title="bbox 278 1131 1581 1215; baseline -0.002 -17"><span class='ocrx_word' id='word_1_48' title='bbox 278 1135 523 1198; x_wconf 70' lang='lat' dir='ltr'>⁴commentario</span> <span class='ocrx_word' id='word_1_49' title='bbox 547 1136 610 1197; x_wconf 93' lang='lat' dir='ltr'>hoc</span> <span class='ocrx_word' id='word_1_50' title='bbox 634 1153 729 1198; x_wconf 90' lang='lat' dir='ltr'>sensu</span> <span class='ocrx_word' id='word_1_51' title='bbox 750 1133 859 1196; x_wconf 89' lang='lat' dir='ltr'>locum</span> <span class='ocrx_word' id='word_1_52' title='bbox 883 1133 1050 1215; x_wconf 85' lang='lat' dir='ltr'>accepturi</span> <span class='ocrx_word' id='word_1_53' title='bbox 1076 1133 1204 1211; x_wconf 83' lang='lat' dir='ltr'>fuerint,</span> <span class='ocrx_word' id='word_1_54' title='bbox 1238 1134 1428 1215; x_wconf 86' lang='lat' dir='ltr'>praesertim</span> <span class='ocrx_word' id='word_1_55' title='bbox 1452 1151 1536 1196; x_wconf 91' lang='lat' dir='ltr'>eum</span> <span class='ocrx_word' id='word_1_56' title='bbox 1560 1131 1581 1209; x_wconf 88' lang='grc' dir='ltr'><strong>ἡ</strong></span> 
     </span>
     <span class='ocr_line' id='line_1_8' title="bbox 292 1241 1581 1324; baseline -0.003 -17"><span class='ocrx_word' id='word_1_57' title='bbox 292 1243 417 1308; x_wconf 84' lang='grc' dir='ltr'>ἄνωθεν</span> <span class='ocrx_word' id='word_1_58' title='bbox 439 1255 505 1306; x_wconf 85' lang='lat' dir='ltr'>non</span> <span class='ocrx_word' id='word_1_59' title='bbox 528 1261 600 1306; x_wconf 90' lang='lat' dir='ltr'>eam</span> <span class='ocrx_word' id='word_1_60' title='bbox 625 1242 795 1324; x_wconf 82' lang='lat' dir='ltr'>significet,</span> <span class='ocrx_word' id='word_1_61' title='bbox 821 1259 905 1321; x_wconf 90' lang='lat' dir='ltr'>quae</span> <span class='ocrx_word' id='word_1_62' title='bbox 921 1260 1020 1324; x_wconf 86' lang='lat' dir='ltr'>supra</span> <span class='ocrx_word' id='word_1_63' title='bbox 1037 1241 1125 1321; x_wconf 89' lang='lat' dir='ltr'>alqm</span> <span class='ocrx_word' id='word_1_64' title='bbox 1144 1242 1294 1322; x_wconf 76' lang='lat' dir='ltr'>,freertt“,</span> <span class='ocrx_word' id='word_1_65' title='bbox 1311 1242 1368 1307; x_wconf 88' lang='lat' dir='ltr'>sed</span> <span class='ocrx_word' id='word_1_66' title='bbox 1384 1261 1470 1323; x_wconf 90' lang='lat' dir='ltr'>quae</span> <span class='ocrx_word' id='word_1_67' title='bbox 1487 1260 1581 1304; x_wconf 88' lang='lat' dir='ltr'>nunc</span> 
     </span>
     <span class='ocr_line' id='line_1_9' title="bbox 290 1349 1580 1432; baseline -0.001 -19"><span class='ocrx_word' id='word_1_68' title='bbox 290 1369 388 1432; x_wconf 86' lang='lat' dir='ltr'>supra</span> <span class='ocrx_word' id='word_1_69' title='bbox 411 1355 467 1412; x_wconf 85' lang='lat' dir='ltr'>est.</span> <span class='ocrx_word' id='word_1_70' title='bbox 480 1349 600 1412; x_wconf 88' lang='lat' dir='ltr'>-Sed</span> <span class='ocrx_word' id='word_1_71' title='bbox 625 1349 707 1410; x_wconf 89' lang='lat' dir='ltr'>mihi</span> <span class='ocrx_word' id='word_1_72' title='bbox 730 1349 832 1411; x_wconf 82' lang='lat' dir='ltr'>fatum</span> <span class='ocrx_word' id='word_1_73' title='bbox 856 1353 990 1411; x_wconf 89' lang='lat' dir='ltr'>estnon</span> <span class='ocrx_word' id='word_1_74' title='bbox 1012 1349 1103 1429; x_wconf 88' lang='lat' dir='ltr'>prius</span> <span class='ocrx_word' id='word_1_75' title='bbox 1125 1349 1165 1412; x_wconf 87' lang='lat' dir='ltr'>ab</span> <span class='ocrx_word' id='word_1_76' title='bbox 1182 1349 1245 1412; x_wconf 94' lang='lat' dir='ltr'>hoc</span> <span class='ocrx_word' id='word_1_77' title='bbox 1264 1349 1337 1411; x_wconf 93' lang='lat' dir='ltr'>loeo</span> <span class='ocrx_word' id='word_1_78' title='bbox 1352 1350 1453 1426; x_wconf 87' lang='lat' dir='ltr'>abire,</span> <span class='ocrx_word' id='word_1_79' title='bbox 1472 1368 1580 1430; x_wconf 90' lang='lat' dir='ltr'>quam</span> 
     </span>
     <span class='ocr_line' id='line_1_10' title="bbox 289 1454 1581 1544; baseline 0.001 -27"><span class='ocrx_word' id='word_1_80' title='bbox 289 1458 351 1520; x_wconf 90' lang='lat' dir='ltr'>hoo</span> <span class='ocrx_word' id='word_1_81' title='bbox 369 1457 468 1519; x_wconf 88' lang='lat' dir='ltr'>ctiam</span> <span class='ocrx_word' id='word_1_82' title='bbox 492 1457 683 1544; x_wconf 82' lang='lat' dir='ltr'>monuerim:</span> <span class='ocrx_word' id='word_1_83' title='bbox 709 1455 807 1518; x_wconf 92' lang='lat' dir='ltr'>video</span> <span class='ocrx_word' id='word_1_84' title='bbox 824 1456 909 1518; x_wconf 91' lang='lat' dir='ltr'>enim</span> <span class='ocrx_word' id='word_1_85' title='bbox 923 1454 1157 1518; x_wconf 83' lang='lat' dir='ltr'>Schneiderum</span> <span class='ocrx_word' id='word_1_86' title='bbox 1173 1456 1277 1519; x_wconf 89' lang='lat' dir='ltr'>verba</span> <span class='ocrx_word' id='word_1_87' title='bbox 1291 1459 1397 1521; x_wconf 89' lang='grc' dir='ltr'>πολλὰ</span> <span class='ocrx_word' id='word_1_88' title='bbox 1416 1456 1581 1532; x_wconf 84' lang='grc' dir='ltr'>πολλάκις</span> 
     </span>
     <span class='ocr_line' id='line_1_11' title="bbox 290 1560 1582 1644; baseline 0 -20"><span class='ocrx_word' id='word_1_89' title='bbox 290 1564 324 1625; x_wconf 92' lang='lat' dir='ltr'>in</span> <span class='ocrx_word' id='word_1_90' title='bbox 347 1583 379 1624; x_wconf 88' lang='lat' dir='ltr'>v.</span> <span class='ocrx_word' id='word_1_91' title='bbox 408 1565 490 1626; x_wconf 81' lang='lat'>1105</span> <span class='ocrx_word' id='word_1_92' title='bbox 512 1562 559 1626; x_wconf 86' lang='lat' dir='ltr'>ad</span> <span class='ocrx_word' id='word_1_93' title='bbox 574 1564 667 1627; x_wconf 85' lang='grc' dir='ltr'>πάθω</span> <span class='ocrx_word' id='word_1_94' title='bbox 679 1563 810 1639; x_wconf 82' lang='lat' dir='ltr'>referre,</span> <span class='ocrx_word' id='word_1_95' title='bbox 825 1562 946 1625; x_wconf 91' lang='lat' dir='ltr'>collata</span> <span class='ocrx_word' id='word_1_96' title='bbox 958 1562 1124 1624; x_wconf 86' lang='lat' dir='ltr'>locutione</span> <span class='ocrx_word' id='word_1_97' title='bbox 1140 1563 1292 1639; x_wconf 76' lang='grc' dir='ltr'>πολλάκις</span> <span class='ocrx_word' id='word_1_98' title='bbox 1308 1564 1467 1642; x_wconf 89' lang='grc' dir='ltr'>τεθνάνοι;</span> <span class='ocrx_word' id='word_1_99' title='bbox 1483 1560 1582 1644; x_wconf 90' lang='lat' dir='ltr'>quod</span> 
     </span>
     <span class='ocr_line' id='line_1_12' title="bbox 289 1667 1579 1750; baseline 0.004 -19"><span class='ocrx_word' id='word_1_100' title='bbox 289 1671 317 1732; x_wconf 90' lang='lat' dir='ltr'>si</span> <span class='ocrx_word' id='word_1_101' title='bbox 340 1671 388 1732; x_wconf 86' lang='lat' dir='ltr'>ita</span> <span class='ocrx_word' id='word_1_102' title='bbox 411 1675 468 1749; x_wconf 86' lang='lat' dir='ltr'>est,</span> <span class='ocrx_word' id='word_1_103' title='bbox 494 1667 656 1750; x_wconf 88' lang='lat' dir='ltr'>quomodo</span> <span class='ocrx_word' id='word_1_104' title='bbox 682 1667 748 1730; x_wconf 91' lang='lat' dir='ltr'>dici</span> <span class='ocrx_word' id='word_1_105' title='bbox 771 1669 878 1750; x_wconf 90' lang='lat' dir='ltr'>potuit</span> <span class='ocrx_word' id='word_1_106' title='bbox 901 1667 1017 1746; x_wconf 71' lang='grc' dir='ltr'>θάψαιί</span> <span class='ocrx_word' id='word_1_107' title='bbox 1041 1669 1212 1732; x_wconf 91' lang='lat' dir='ltr'>dicendum</span> <span class='ocrx_word' id='word_1_108' title='bbox 1238 1670 1323 1732; x_wconf 89' lang='lat' dir='ltr'>enim</span> <span class='ocrx_word' id='word_1_109' title='bbox 1337 1675 1407 1732; x_wconf 90' lang='lat' dir='ltr'>erat</span> <span class='ocrx_word' id='word_1_110' title='bbox 1429 1672 1579 1748; x_wconf 86' lang='grc' dir='ltr'>θάπτειν,</span> 
     </span>
     <span class='ocr_line' id='line_1_13' title="bbox 291 1777 1579 1859; baseline 0.002 -19"><span class='ocrx_word' id='word_1_111' title='bbox 291 1779 445 1859; x_wconf 88' lang='lat' dir='ltr'>quoniam</span> <span class='ocrx_word' id='word_1_112' title='bbox 468 1777 496 1840; x_wconf 89' lang='lat' dir='ltr'>si</span> <span class='ocrx_word' id='word_1_113' title='bbox 521 1797 619 1858; x_wconf 91' lang='lat' dir='ltr'>saepe</span> <span class='ocrx_word' id='word_1_114' title='bbox 642 1778 817 1839; x_wconf 88' lang='lat' dir='ltr'>moriturus</span> <span class='ocrx_word' id='word_1_115' title='bbox 841 1781 898 1853; x_wconf 89' lang='lat' dir='ltr'>est,</span> <span class='ocrx_word' id='word_1_116' title='bbox 922 1795 1020 1858; x_wconf 84' lang='lat' dir='ltr'>saepe</span> <span class='ocrx_word' id='word_1_117' title='bbox 1044 1795 1173 1857; x_wconf 88' lang='lat' dir='ltr'>quoque</span> <span class='ocrx_word' id='word_1_118' title='bbox 1197 1777 1401 1858; x_wconf 88' lang='lat' dir='ltr'>sepeliendus</span> <span class='ocrx_word' id='word_1_119' title='bbox 1425 1784 1483 1856; x_wconf 81' lang='lat' dir='ltr'>est3</span> <span class='ocrx_word' id='word_1_120' title='bbox 1518 1799 1579 1843; x_wconf 92' lang='lat' dir='ltr'>ne-</span> 
     </span>
     <span class='ocr_line' id='line_1_14' title="bbox 215 1883 1579 1978; baseline 0.001 -30"><span class='ocrx_word' id='word_1_121' title='bbox 215 1965 218 1978; x_wconf 34' lang='lat'>·</span> <span class='ocrx_word' id='word_1_122' title='bbox 291 1905 354 1967; x_wconf 91' lang='lat' dir='ltr'>que</span> <span class='ocrx_word' id='word_1_123' title='bbox 376 1904 454 1949; x_wconf 90' lang='lat' dir='ltr'>vero</span> <span class='ocrx_word' id='word_1_124' title='bbox 480 1885 579 1946; x_wconf 87' lang='lat' dir='ltr'>etiam</span> <span class='ocrx_word' id='word_1_125' title='bbox 604 1883 768 1966; x_wconf 85' lang='lat' dir='ltr'>intellego,</span> <span class='ocrx_word' id='word_1_126' title='bbox 793 1883 956 1964; x_wconf 90' lang='lat' dir='ltr'>quomodo</span> <span class='ocrx_word' id='word_1_127' title='bbox 980 1884 1106 1947; x_wconf 89' lang='lat' dir='ltr'>iuvenis</span> <span class='ocrx_word' id='word_1_128' title='bbox 1130 1903 1164 1947; x_wconf 89' lang='lat' dir='ltr'>se</span> <span class='ocrx_word' id='word_1_129' title='bbox 1187 1903 1284 1966; x_wconf 84' lang='lat' dir='ltr'>saepe</span> <span class='ocrx_word' id='word_1_130' title='bbox 1308 1887 1503 1948; x_wconf 85' lang='lat' dir='ltr'>moriturum</span> <span class='ocrx_word' id='word_1_131' title='bbox 1527 1887 1579 1950; x_wconf 90' lang='lat' dir='ltr'>di·</span> 
     </span>
     <span class='ocr_line' id='line_1_15' title="bbox 291 1990 1578 2075; baseline 0.001 -19"><span class='ocrx_word' id='word_1_132' title='bbox 291 2011 365 2056; x_wconf 89' lang='lat' dir='ltr'>cere</span> <span class='ocrx_word' id='word_1_133' title='bbox 387 1993 499 2075; x_wconf 87' lang='lat' dir='ltr'>possit:</span> <span class='ocrx_word' id='word_1_134' title='bbox 522 2011 599 2054; x_wconf 81' lang='lat' dir='ltr'>narn</span> <span class='ocrx_word' id='word_1_135' title='bbox 621 1991 717 2074; x_wconf 83' lang='lat' dir='ltr'>longe</span> <span class='ocrx_word' id='word_1_136' title='bbox 742 1991 809 2053; x_wconf 87' lang='lat' dir='ltr'>alia</span> <span class='ocrx_word' id='word_1_137' title='bbox 832 1997 881 2054; x_wconf 88' lang='lat' dir='ltr'>est</span> <span class='ocrx_word' id='word_1_138' title='bbox 895 1992 980 2053; x_wconf 91' lang='lat' dir='ltr'>ratio</span> <span class='ocrx_word' id='word_1_139' title='bbox 999 1990 1112 2053; x_wconf 89' lang='lat' dir='ltr'>talium</span> <span class='ocrx_word' id='word_1_140' title='bbox 1127 1992 1283 2070; x_wconf 89' lang='lat' dir='ltr'>locorum,</span> <span class='ocrx_word' id='word_1_141' title='bbox 1301 1995 1405 2074; x_wconf 88' lang='lat' dir='ltr'>qualis</span> <span class='ocrx_word' id='word_1_142' title='bbox 1421 2001 1470 2058; x_wconf 88' lang='lat' dir='ltr'>est</span> <span class='ocrx_word' id='word_1_143' title='bbox 1485 1996 1578 2058; x_wconf 88' lang='lat' dir='ltr'>Plat.</span> 
     </span>
     <span class='ocr_line' id='line_1_16' title="bbox 292 2101 1577 2186; baseline 0.002 -21"><span class='ocrx_word' id='word_1_144' title='bbox 292 2103 389 2186; x_wconf 79' lang='lat' dir='ltr'>Apol.</span> <span class='ocrx_word' id='word_1_145' title='bbox 415 2107 456 2166; x_wconf 86' lang='lat'>30</span> <span class='ocrx_word' id='word_1_146' title='bbox 481 2101 517 2180; x_wconf 79' lang='lat' dir='ltr'>O,</span> <span class='ocrx_word' id='word_1_147' title='bbox 545 2123 564 2165; x_wconf 89' lang='lat' dir='ltr'>a</span> <span class='ocrx_word' id='word_1_148' title='bbox 587 2102 786 2167; x_wconf 87' lang='lat' dir='ltr'>Schneidcro</span> <span class='ocrx_word' id='word_1_149' title='bbox 810 2104 938 2179; x_wconf 87' lang='lat' dir='ltr'>citatus,</span> <span class='ocrx_word' id='word_1_150' title='bbox 964 2101 1033 2166; x_wconf 81' lang='lat' dir='ltr'>ott’</span> <span class='ocrx_word' id='word_1_151' title='bbox 1056 2103 1082 2166; x_wconf 88' lang='grc' dir='ltr'>εἰ</span> <span class='ocrx_word' id='word_1_152' title='bbox 1105 2104 1209 2182; x_wconf 87' lang='grc' dir='ltr'>μέλλω</span> <span class='ocrx_word' id='word_1_153' title='bbox 1232 2103 1385 2180; x_wconf 88' lang='grc' dir='ltr'>πολλάκις</span> <span class='ocrx_word' id='word_1_154' title='bbox 1412 2105 1577 2180; x_wconf 86' lang='grc' dir='ltr'>τεθνάναι,</span> 
     </span>
     <span class='ocr_line' id='line_1_17' title="bbox 291 2209 1577 2289; baseline -0.001 -14"><span class='ocrx_word' id='word_1_155' title='bbox 291 2212 436 2276; x_wconf 83' lang='lat' dir='ltr'>ibid-41</span> <span class='ocrx_word' id='word_1_156' title='bbox 462 2211 493 2273; x_wconf 81' lang='lat' dir='ltr'>A</span> <span class='ocrx_word' id='word_1_157' title='bbox 516 2212 668 2289; x_wconf 88' lang='grc' dir='ltr'>πολλάκις</span> <span class='ocrx_word' id='word_1_158' title='bbox 692 2211 791 2276; x_wconf 84' lang='grc' dir='ltr'>ἐθέλω</span> <span class='ocrx_word' id='word_1_159' title='bbox 815 2212 973 2289; x_wconf 85' lang='grc' dir='ltr'>τεθνάναι,</span> <span class='ocrx_word' id='word_1_160' title='bbox 997 2210 1023 2273; x_wconf 87' lang='grc' dir='ltr'>εἰ</span> <span class='ocrx_word' id='word_1_161' title='bbox 1048 2209 1134 2274; x_wconf 77' lang='grc' dir='ltr'>ταῦτ’</span> <span class='ocrx_word' id='word_1_162' title='bbox 1159 2213 1245 2275; x_wconf 86' lang='grc' dir='ltr'>ἐστὶν</span> <span class='ocrx_word' id='word_1_163' title='bbox 1270 2211 1370 2289; x_wconf 88' lang='grc' dir='ltr'>ἀληθῆ</span> <span class='ocrx_word' id='word_1_164' title='bbox 1400 2213 1577 2274; x_wconf 87' lang='lat' dir='ltr'>etc.:haec</span> 
     </span>
     <span class='ocr_line' id='line_1_18' title="bbox 292 2299 1578 2400; baseline -0.002 -18"><span class='ocrx_word' id='word_1_165' title='bbox 292 2321 378 2382; x_wconf 90' lang='lat' dir='ltr'>enim</span> <span class='ocrx_word' id='word_1_166' title='bbox 402 2323 527 2381; x_wconf 88' lang='lat' dir='ltr'>tantum</span> <span class='ocrx_word' id='word_1_167' title='bbox 549 2319 598 2381; x_wconf 91' lang='lat' dir='ltr'>rei</span> <span class='ocrx_word' id='word_1_168' title='bbox 622 2299 877 2400; x_wconf 67' lang='lat' dir='ltr'>exaggerandae⁴</span> <span class='ocrx_word' id='word_1_169' title='bbox 894 2318 1074 2380; x_wconf 81' lang='lat' dir='ltr'>inserviunt</span> <span class='ocrx_word' id='word_1_170' title='bbox 1097 2337 1136 2380; x_wconf 88' lang='lat' dir='ltr'>ac</span> <span class='ocrx_word' id='word_1_171' title='bbox 1159 2319 1286 2381; x_wconf 87' lang='lat' dir='ltr'>nonita</span> <span class='ocrx_word' id='word_1_172' title='bbox 1303 2319 1461 2396; x_wconf 86' lang='lat' dir='ltr'>dicuntur,</span> <span class='ocrx_word' id='word_1_173' title='bbox 1477 2321 1578 2400; x_wconf 89' lang='lat' dir='ltr'>quasi</span> 
     </span>
     <span class='ocr_line' id='line_1_19' title="bbox 291 2423 1579 2509; baseline 0.002 -21"><span class='ocrx_word' id='word_1_174' title='bbox 291 2445 405 2508; x_wconf 88' lang='lat' dir='ltr'>reapse</span> <span class='ocrx_word' id='word_1_175' title='bbox 428 2427 502 2488; x_wconf 86' lang='lat' dir='ltr'>fieri</span> <span class='ocrx_word' id='word_1_176' title='bbox 524 2427 659 2508; x_wconf 87' lang='lat' dir='ltr'>possint.</span> <span class='ocrx_word' id='word_1_177' title='bbox 684 2423 800 2506; x_wconf 88' lang='lat' dir='ltr'>Neque</span> <span class='ocrx_word' id='word_1_178' title='bbox 824 2424 1010 2506; x_wconf 80' lang='lat' dir='ltr'>Blaydesio,</span> <span class='ocrx_word' id='word_1_179' title='bbox 1034 2428 1138 2490; x_wconf 89' lang='grc' dir='ltr'>πολλὰ</span> <span class='ocrx_word' id='word_1_180' title='bbox 1161 2428 1313 2503; x_wconf 88' lang='grc' dir='ltr'>πολλάκις</span> <span class='ocrx_word' id='word_1_181' title='bbox 1339 2432 1394 2508; x_wconf 87' lang='lat' dir='ltr'>,ut</span> <span class='ocrx_word' id='word_1_182' title='bbox 1413 2445 1579 2509; x_wconf 86' lang='lat' dir='ltr'>persaepe</span> 
     </span>
     <span class='ocr_line' id='line_1_20' title="bbox 288 2530 1578 2615; baseline 0.001 -20"><span class='ocrx_word' id='word_1_183' title='bbox 288 2530 347 2597; x_wconf 69' lang='lat' dir='ltr'>fiu‘</span> <span class='ocrx_word' id='word_1_184' title='bbox 372 2535 520 2610; x_wconf 90' lang='lat' dir='ltr'>vertenti,</span> <span class='ocrx_word' id='word_1_185' title='bbox 546 2552 741 2614; x_wconf 89' lang='lat' dir='ltr'>quemquam</span> <span class='ocrx_word' id='word_1_186' title='bbox 766 2533 862 2596; x_wconf 85' lang='lat' dir='ltr'>facile</span> <span class='ocrx_word' id='word_1_187' title='bbox 886 2551 1089 2596; x_wconf 86' lang='lat' dir='ltr'>assensurum</span> <span class='ocrx_word' id='word_1_188' title='bbox 1113 2552 1216 2615; x_wconf 91' lang='lat' dir='ltr'>spero.</span> <span class='ocrx_word' id='word_1_189' title='bbox 1241 2532 1305 2596; x_wconf 87' lang='lat' dir='ltr'>Sed</span> <span class='ocrx_word' id='word_1_190' title='bbox 1328 2535 1445 2598; x_wconf 86' lang='lat' dir='ltr'>tiustra</span> <span class='ocrx_word' id='word_1_191' title='bbox 1460 2534 1578 2596; x_wconf 91' lang='lat' dir='ltr'>oleum</span> 
     </span>
     <span class='ocr_line' id='line_1_21' title="bbox 289 2641 1578 2724; baseline 0 -20"><span class='ocrx_word' id='word_1_192' title='bbox 289 2641 433 2724; x_wconf 88' lang='lat' dir='ltr'>perditis,</span> <span class='ocrx_word' id='word_1_193' title='bbox 460 2642 532 2718; x_wconf 89' lang='lat' dir='ltr'>viri,</span> <span class='ocrx_word' id='word_1_194' title='bbox 558 2641 600 2704; x_wconf 91' lang='lat' dir='ltr'>ad</span> <span class='ocrx_word' id='word_1_195' title='bbox 624 2643 684 2704; x_wconf 90' lang='lat' dir='ltr'>has</span> <span class='ocrx_word' id='word_1_196' title='bbox 708 2645 793 2704; x_wconf 90' lang='lat' dir='ltr'>artes</span> <span class='ocrx_word' id='word_1_197' title='bbox 818 2641 1047 2722; x_wconf 82' lang='lat' dir='ltr'>confugientes:</span> <span class='ocrx_word' id='word_1_198' title='bbox 1077 2643 1143 2702; x_wconf 91' lang='lat' dir='ltr'>iam</span> <span class='ocrx_word' id='word_1_199' title='bbox 1166 2641 1292 2722; x_wconf 87' lang='lat' dir='ltr'>pridem</span> <span class='ocrx_word' id='word_1_200' title='bbox 1316 2642 1500 2704; x_wconf 90' lang='lat' dir='ltr'>Brunekius</span> <span class='ocrx_word' id='word_1_201' title='bbox 1527 2643 1578 2705; x_wconf 95' lang='lat' dir='ltr'>lo·</span> 
     </span>
     <span class='ocr_line' id='line_1_22' title="bbox 290 2748 1576 2830; baseline 0.001 -20"><span class='ocrx_word' id='word_1_202' title='bbox 290 2767 364 2810; x_wconf 90' lang='lat' dir='ltr'>cum</span> <span class='ocrx_word' id='word_1_203' title='bbox 386 2753 474 2812; x_wconf 88' lang='lat' dir='ltr'>recte</span> <span class='ocrx_word' id='word_1_204' title='bbox 497 2749 755 2830; x_wconf 81' lang='lat' dir='ltr'>simpliciterque</span> <span class='ocrx_word' id='word_1_205' title='bbox 779 2748 949 2827; x_wconf 84' lang='lat' dir='ltr'>intellexit,</span> <span class='ocrx_word' id='word_1_206' title='bbox 975 2750 1065 2811; x_wconf 88' lang='lat' dir='ltr'>cuius</span> <span class='ocrx_word' id='word_1_207' title='bbox 1089 2749 1314 2830; x_wconf 88' lang='lat' dir='ltr'>interpretatio</span> <span class='ocrx_word' id='word_1_208' title='bbox 1331 2750 1414 2812; x_wconf 89' lang='lat' dir='ltr'>haec</span> <span class='ocrx_word' id='word_1_209' title='bbox 1438 2754 1495 2812; x_wconf 88' lang='lat' dir='ltr'>est:</span> <span class='ocrx_word' id='word_1_210' title='bbox 1527 2751 1576 2830; x_wconf 85' lang='lat' dir='ltr'>,si</span> 
     </span>
     <span class='ocr_line' id='line_1_23' title="bbox 291 2855 1578 2938; baseline 0 -20"><span class='ocrx_word' id='word_1_211' title='bbox 291 2855 370 2936; x_wconf 90' lang='lat' dir='ltr'>quid</span> <span class='ocrx_word' id='word_1_212' title='bbox 393 2857 474 2918; x_wconf 88' lang='lat' dir='ltr'>mihi</span> <span class='ocrx_word' id='word_1_213' title='bbox 499 2856 666 2933; x_wconf 88' lang='lat' dir='ltr'>acciderit,</span> <span class='ocrx_word' id='word_1_214' title='bbox 690 2856 819 2935; x_wconf 78' lang='lat' dir='ltr'>sceptus</span> <span class='ocrx_word' id='word_1_215' title='bbox 844 2859 1214 2938; x_wconf 81' lang='lat' dir='ltr'>coacto—naviga1·e“:</span> <span class='ocrx_word' id='word_1_216' title='bbox 1250 2874 1311 2918; x_wconf 90' lang='lat' dir='ltr'>nec</span> <span class='ocrx_word' id='word_1_217' title='bbox 1345 2857 1431 2918; x_wconf 89' lang='lat' dir='ltr'>enim</span> <span class='ocrx_word' id='word_1_218' title='bbox 1463 2863 1578 2938; x_wconf 88' lang='lat' dir='ltr'>potest</span> 
     </span>
     <span class='ocr_line' id='line_1_24' title="bbox 291 2962 1574 3044; baseline 0.002 -19"><span class='ocrx_word' id='word_1_219' title='bbox 291 2962 444 3040; x_wconf 85' lang='lat' dir='ltr'>dubitari,</span> <span class='ocrx_word' id='word_1_220' title='bbox 469 2965 548 3044; x_wconf 86' lang='lat' dir='ltr'>quin</span> <span class='ocrx_word' id='word_1_221' title='bbox 571 2967 674 3028; x_wconf 85' lang='grc' dir='ltr'>πολλὰ</span> <span class='ocrx_word' id='word_1_222' title='bbox 697 2965 851 3041; x_wconf 86' lang='grc' dir='ltr'>πολλάκις</span> <span class='ocrx_word' id='word_1_223' title='bbox 876 2983 949 3026; x_wconf 92' lang='lat' dir='ltr'>cum</span> <span class='ocrx_word' id='word_1_224' title='bbox 973 2964 1058 3041; x_wconf 74' lang='grc' dir='ltr'>δεῦρ’</span> <span class='ocrx_word' id='word_1_225' title='bbox 1074 2964 1233 3028; x_wconf 86' lang='grc' dir='ltr'>εἰσπλέων</span> <span class='ocrx_word' id='word_1_226' title='bbox 1251 2963 1475 3044; x_wconf 81' lang='lat' dir='ltr'>coniungenda</span> <span class='ocrx_word' id='word_1_227' title='bbox 1495 2967 1574 3028; x_wconf 82' lang='lat' dir='ltr'>sint·</span> 
     </span>
     <span class='ocr_line' id='line_1_25' title="bbox 291 3069 1574 3150; baseline 0 -18"><span class='ocrx_word' id='word_1_228' title='bbox 291 3070 382 3132; x_wconf 88' lang='lat' dir='ltr'>cuius</span> <span class='ocrx_word' id='word_1_229' title='bbox 405 3069 568 3133; x_wconf 89' lang='lat' dir='ltr'>liberioris</span> <span class='ocrx_word' id='word_1_230' title='bbox 594 3069 827 3132; x_wconf 84' lang='lat' dir='ltr'>vocabulorum</span> <span class='ocrx_word' id='word_1_231' title='bbox 866 3070 1091 3132; x_wconf 81' lang='lat' dir='ltr'>collocationis</span> <span class='ocrx_word' id='word_1_232' title='bbox 1126 3069 1215 3132; x_wconf 89' lang='lat' dir='ltr'>haud</span> <span class='ocrx_word' id='word_1_233' title='bbox 1248 3087 1355 3150; x_wconf 88' lang='lat' dir='ltr'>pauca</span> <span class='ocrx_word' id='word_1_234' title='bbox 1390 3069 1476 3150; x_wconf 91' lang='lat' dir='ltr'>apud</span> <span class='ocrx_word' id='word_1_235' title='bbox 1512 3071 1574 3133; x_wconf 87' lang='lat' dir='ltr'>Ar.</span> 
     </span>
     <span class='ocr_line' id='line_1_26' title="bbox 290 3174 1573 3258; baseline 0.002 -21"><span class='ocrx_word' id='word_1_236' title='bbox 290 3181 418 3238; x_wconf 86' lang='lat' dir='ltr'>exstant</span> <span class='ocrx_word' id='word_1_237' title='bbox 440 3177 600 3258; x_wconf 86' lang='lat' dir='ltr'>exempla:</span> <span class='ocrx_word' id='word_1_238' title='bbox 625 3197 656 3238; x_wconf 86' lang='lat' dir='ltr'>v.</span> <span class='ocrx_word' id='word_1_239' title='bbox 682 3176 882 3238; x_wconf 89' lang='lat' dir='ltr'>Bachmann.</span> <span class='ocrx_word' id='word_1_240' title='bbox 908 3174 1000 3241; x_wconf 80' lang='lat' dir='ltr'>Ocni.</span> <span class='ocrx_word' id='word_1_241' title='bbox 1025 3197 1057 3258; x_wconf 95' lang='lat' dir='ltr'>p.</span> <span class='ocrx_word' id='word_1_242' title='bbox 1084 3179 1135 3238; x_wconf 82' lang='lat'>89.</span> <span class='ocrx_word' id='word_1_243' title='bbox 1161 3177 1333 3258; x_wconf 82' lang='lat' dir='ltr'>Bamberg.</span> <span class='ocrx_word' id='word_1_244' title='bbox 1362 3177 1445 3236; x_wconf 86' lang='grc'>1869</span> <span class='ocrx_word' id='word_1_245' title='bbox 1462 3196 1494 3258; x_wconf 86' lang='lat' dir='ltr'>p.</span> <span class='ocrx_word' id='word_1_246' title='bbox 1519 3180 1573 3240; x_wconf 91' lang='grc'>19.</span> 
     </span>
     <span class='ocr_line' id='line_1_27' title="bbox 291 3282 1510 3363; baseline 0.001 -21"><span class='ocrx_word' id='word_1_247' title='bbox 291 3282 442 3363; x_wconf 77' lang='lat' dir='ltr'>Blaydes.</span> <span class='ocrx_word' id='word_1_248' title='bbox 468 3283 510 3346; x_wconf 91' lang='lat' dir='ltr'>ad</span> <span class='ocrx_word' id='word_1_249' title='bbox 533 3283 619 3346; x_wconf 93' lang='lat' dir='ltr'>Plut.</span> <span class='ocrx_word' id='word_1_250' title='bbox 646 3285 720 3344; x_wconf 81' lang='lat'>205.</span> <span class='ocrx_word' id='word_1_251' title='bbox 1507 3325 1510 3334; x_wconf 81' lang='lat'>·</span> 
     </span>
     <span class='ocr_line' id='line_1_28' title="bbox 336 3385 1571 3477; baseline 0.006 -27"><span class='ocrx_word' id='word_1_252' title='bbox 336 3389 386 3472; x_wconf 86' lang='lat' dir='ltr'>Pl.</span> <span class='ocrx_word' id='word_1_253' title='bbox 413 3392 453 3452; x_wconf 88' lang='grc'>19</span> <span class='ocrx_word' id='word_1_254' title='bbox 478 3391 538 3454; x_wconf 89' lang='grc' dir='ltr'>οὐκ</span> <span class='ocrx_word' id='word_1_255' title='bbox 561 3387 630 3456; x_wconf 77' lang='grc' dir='ltr'>ἔσθ’</span> <span class='ocrx_word' id='word_1_256' title='bbox 656 3391 747 3468; x_wconf 86' lang='grc' dir='ltr'>ὅπως</span> <span class='ocrx_word' id='word_1_257' title='bbox 772 3385 956 3470; x_wconf 83' lang='grc' dir='ltr'>σιγήσομαι,</span> <span class='ocrx_word' id='word_1_258' title='bbox 981 3393 1021 3470; x_wconf 90' lang='grc' dir='ltr'>ἢν</span> <span class='ocrx_word' id='word_1_259' title='bbox 1045 3394 1084 3469; x_wconf 85' lang='grc' dir='ltr'>μὴ</span> <span class='ocrx_word' id='word_1_260' title='bbox 1108 3392 1253 3474; x_wconf 87' lang='grc' dir='ltr'>φράσῃς.</span> <span class='ocrx_word' id='word_1_261' title='bbox 1278 3394 1319 3453; x_wconf 87' lang='grc'>52</span> <span class='ocrx_word' id='word_1_262' title='bbox 1337 3393 1571 3477; x_wconf 83' lang='grc' dir='ltr'>ἢν-φράσῃ,</span> 
     </span>
     <span class='ocr_line' id='line_1_29' title="bbox 293 3494 1572 3580; baseline 0.002 -18"><span class='ocrx_word' id='word_1_263' title='bbox 293 3494 457 3576; x_wconf 87' lang='grc' dir='ltr'>πυθοίμεθ’</span> <span class='ocrx_word' id='word_1_264' title='bbox 474 3497 513 3561; x_wconf 84' lang='grc' dir='ltr'>ἂν</span> <span class='ocrx_word' id='word_1_265' title='bbox 536 3499 593 3562; x_wconf 87' lang='grc' dir='ltr'>τὸν</span> <span class='ocrx_word' id='word_1_266' title='bbox 615 3499 770 3578; x_wconf 89' lang='grc' dir='ltr'>χρησμόν.</span> <span class='ocrx_word' id='word_1_267' title='bbox 798 3501 838 3561; x_wconf 86' lang='grc'>72</span> <span class='ocrx_word' id='word_1_268' title='bbox 862 3500 903 3575; x_wconf 86' lang='grc' dir='ltr'>ἢν</span> <span class='ocrx_word' id='word_1_269' title='bbox 926 3499 1081 3577; x_wconf 87' lang='grc' dir='ltr'>πύθησθε,</span> <span class='ocrx_word' id='word_1_270' title='bbox 1091 3536 1137 3556; x_wconf 93' lang='lat'>.-</span> <span class='ocrx_word' id='word_1_271' title='bbox 1150 3498 1185 3562; x_wconf 83' lang='grc' dir='ltr'>εὖ</span> <span class='ocrx_word' id='word_1_272' title='bbox 1210 3497 1271 3562; x_wconf 78' lang='grc' dir='ltr'>οἶδ’</span> <span class='ocrx_word' id='word_1_273' title='bbox 1296 3499 1343 3564; x_wconf 89' lang='grc' dir='ltr'>ὅτι</span> <span class='ocrx_word' id='word_1_274' title='bbox 1366 3501 1466 3564; x_wconf 92' lang='grc' dir='ltr'>κακόν</span> <span class='ocrx_word' id='word_1_275' title='bbox 1487 3502 1515 3564; x_wconf 91' lang='grc' dir='ltr'>τί</span> <span class='ocrx_word' id='word_1_276' title='bbox 1540 3497 1572 3580; x_wconf 85' lang='grc' dir='ltr'>μ’</span> 
     </span>
     <span class='ocr_line' id='line_1_30' title="bbox 293 3591 1573 3686; baseline 0.001 -17"><span class='ocrx_word' id='word_1_277' title='bbox 293 3604 482 3683; x_wconf 81' lang='grc' dir='ltr'>ἐργάσεσθε.</span> <span class='ocrx_word' id='word_1_278' title='bbox 509 3605 571 3666; x_wconf 91' lang='grc'>126</span> <span class='ocrx_word' id='word_1_279' title='bbox 595 3591 802 3670; x_wconf 37' lang='lat' dir='ltr'>stete-eaor</span> <span class='ocrx_word' id='word_1_280' title='bbox 825 3608 883 3684; x_wconf 85' lang='grc' dir='ltr'>τὴν</span> <span class='ocrx_word' id='word_1_281' title='bbox 906 3606 987 3684; x_wconf 89' lang='grc' dir='ltr'>Διὸς</span> <span class='ocrx_word' id='word_1_282' title='bbox 1011 3607 1183 3684; x_wconf 80' lang='grc' dir='ltr'>τυραννίδα</span> <span class='ocrx_word' id='word_1_283' title='bbox 1218 3607 1268 3670; x_wconf 85' lang='grc' dir='ltr'>καί</span> <span class='ocrx_word' id='word_1_284' title='bbox 1293 3608 1369 3684; x_wconf 86' lang='grc' dir='ltr'>τοὺς</span> <span class='ocrx_word' id='word_1_285' title='bbox 1393 3610 1573 3686; x_wconf 86' lang='grc' dir='ltr'>κεραυνοὺς</span> 
     </span>
    </p>
   </div>
   <div class='ocr_carea' id='block_1_3' title="bbox 193 3710 1572 3797">
    <p class='ocr_par' dir='ltr' id='par_1_3' title="bbox 193 3710 1572 3797">
     <span class='ocr_line' id='line_1_31' title="bbox 193 3710 1572 3797; baseline 0.002 -21"><span class='ocrx_word' id='word_1_286' title='bbox 193 3715 196 3730; x_wconf 87' lang='grc'><strong>“</strong></span> <span class='ocrx_word' id='word_1_287' title='bbox 294 3712 401 3789; x_wconf 76' lang='grc' dir='ltr'>άίίους</span> <span class='ocrx_word' id='word_1_288' title='bbox 423 3710 615 3790; x_wconf 77' lang='grc' dir='ltr'>τριωβόλου,</span> <span class='ocrx_word' id='word_1_289' title='bbox 639 3712 696 3776; x_wconf 83' lang='grc' dir='ltr'>ἐάν</span> <span class='ocrx_word' id='word_1_290' title='bbox 720 3712 905 3796; x_wconf 87' lang='grc' dir='ltr'>ἀναβλέψῃς</span> <span class='ocrx_word' id='word_1_291' title='bbox 929 3715 971 3777; x_wconf 90' lang='grc' dir='ltr'>σὺ</span> <span class='ocrx_word' id='word_1_292' title='bbox 995 3714 1053 3778; x_wconf 87' lang='grc' dir='ltr'>κᾶν</span> <span class='ocrx_word' id='word_1_293' title='bbox 1078 3715 1212 3792; x_wconf 90' lang='grc' dir='ltr'>σμικρὸν</span> <span class='ocrx_word' id='word_1_294' title='bbox 1235 3715 1354 3793; x_wconf 90' lang='grc' dir='ltr'>χρόνον</span> <span class='ocrx_word' id='word_1_295' title='bbox 1379 3733 1475 3792; x_wconf 86' lang='lat' dir='ltr'>,ecrn</span> <span class='ocrx_word' id='word_1_296' title='bbox 1491 3735 1572 3797; x_wconf 92' lang='lat' dir='ltr'>npo-</span> 
     </span>
    </p>
   </div>
   <div class='ocr_carea' id='block_1_4' title="bbox 292 3817 1572 4652">
    <p class='ocr_par' dir='ltr' id='par_1_4' title="bbox 292 3817 1572 4652">
     <span class='ocr_line' id='line_1_32' title="bbox 292 3817 1570 3902; baseline 0.004 -20"><span class='ocrx_word' id='word_1_297' title='bbox 292 3823 459 3902; x_wconf 74' lang='lat' dir='ltr'>epterns“.</span> <span class='ocrx_word' id='word_1_298' title='bbox 485 3817 549 3880; x_wconf 88' lang='grc'>208</span> <span class='ocrx_word' id='word_1_299' title='bbox 574 3819 630 3896; x_wconf 86' lang='grc' dir='ltr'>ὡς,</span> <span class='ocrx_word' id='word_1_300' title='bbox 654 3819 712 3884; x_wconf 86' lang='grc' dir='ltr'>ἐὰν</span> <span class='ocrx_word' id='word_1_301' title='bbox 734 3821 810 3902; x_wconf 85' lang='grc' dir='ltr'>γένῃ</span> <span class='ocrx_word' id='word_1_302' title='bbox 836 3819 917 3898; x_wconf 85' lang='grc' dir='ltr'>ἀνὴρ</span> <span class='ocrx_word' id='word_1_303' title='bbox 951 3820 1116 3900; x_wconf 88' lang='grc' dir='ltr'>πρόθυμος</span> <span class='ocrx_word' id='word_1_304' title='bbox 1141 3821 1240 3898; x_wconf 86' lang='grc' dir='ltr'>αὐτὸς</span> <span class='ocrx_word' id='word_1_305' title='bbox 1264 3821 1308 3898; x_wconf 87' lang='grc' dir='ltr'>εἰς</span> <span class='ocrx_word' id='word_1_306' title='bbox 1331 3825 1369 3887; x_wconf 89' lang='grc' dir='ltr'>τὰ</span> <span class='ocrx_word' id='word_1_307' title='bbox 1391 3825 1570 3901; x_wconf 86' lang='grc' dir='ltr'>πράγματα,</span> 
     </span>
     <span class='ocr_line' id='line_1_33' title="bbox 294 3922 1572 4015; baseline 0.003 -25"><span class='ocrx_word' id='word_1_308' title='bbox 294 3922 438 4006; x_wconf 84' lang='grc' dir='ltr'>βλέποντ’</span> <span class='ocrx_word' id='word_1_309' title='bbox 464 3923 621 3988; x_wconf 81' lang='grc' dir='ltr'>ἀποδείξω</span> <span class='ocrx_word' id='word_1_310' title='bbox 644 3940 693 3987; x_wconf 86' lang='grc' dir='ltr'>σε.</span> <span class='ocrx_word' id='word_1_311' title='bbox 720 3926 777 3987; x_wconf 84' lang='grc'>221</span> <span class='ocrx_word' id='word_1_312' title='bbox 808 3924 867 3988; x_wconf 85' lang='grc' dir='ltr'>οὔκ</span> <span class='ocrx_word' id='word_1_313' title='bbox 891 3923 951 4011; x_wconf 88' lang='lat' dir='ltr'>(sc.</span> <span class='ocrx_word' id='word_1_314' title='bbox 975 3929 1112 4004; x_wconf 87' lang='grc' dir='ltr'>πονηροὶ</span> <span class='ocrx_word' id='word_1_315' title='bbox 1148 3927 1277 3991; x_wconf 86' lang='grc' dir='ltr'>έσονται</span> <span class='ocrx_word' id='word_1_316' title='bbox 1312 3926 1499 4015; x_wconf 86' lang='grc' dir='ltr'>σύμμαχοι),</span> <span class='ocrx_word' id='word_1_317' title='bbox 1531 3932 1572 4009; x_wconf 89' lang='grc' dir='ltr'>ἤν</span> 
     </span>
     <span class='ocr_line' id='line_1_34' title="bbox 293 4017 1569 4119; baseline 0.002 -22"><span class='ocrx_word' id='word_1_318' title='bbox 293 4055 328 4110; x_wconf 88' lang='grc' dir='ltr'>γε</span> <span class='ocrx_word' id='word_1_319' title='bbox 351 4033 581 4108; x_wconf 85' lang='grc' dir='ltr'>πλουτήσωσιν</span> <span class='ocrx_word' id='word_1_320' title='bbox 604 4031 637 4095; x_wconf 77' lang='grc' dir='ltr'>ἐξ</span> <span class='ocrx_word' id='word_1_321' title='bbox 657 4031 758 4110; x_wconf 86' lang='grc' dir='ltr'>ἀρχῆς</span> <span class='ocrx_word' id='word_1_322' title='bbox 781 4017 875 4096; x_wconf 86' lang='grc' dir='ltr'>πάλιν</span> <span class='ocrx_word' id='word_1_323' title='bbox 901 4034 1197 4115; x_wconf 69' lang='grc' dir='ltr'>,ρποάουιιιυιιουιί</span> <span class='ocrx_word' id='word_1_324' title='bbox 1237 4031 1294 4119; x_wconf 92' lang='lat' dir='ltr'>(de</span> <span class='ocrx_word' id='word_1_325' title='bbox 1330 4053 1393 4115; x_wconf 90' lang='lat' dir='ltr'>quo</span> <span class='ocrx_word' id='word_1_326' title='bbox 1429 4037 1501 4099; x_wconf 91' lang='lat' dir='ltr'>loco</span> <span class='ocrx_word' id='word_1_327' title='bbox 1537 4059 1569 4099; x_wconf 84' lang='grc' dir='ltr'>τ.</span> 
     </span>
     <span class='ocr_line' id='line_1_35' title="bbox 293 4138 1569 4228; baseline 0.001 -24"><span class='ocrx_word' id='word_1_328' title='bbox 293 4138 550 4204; x_wconf 85' lang='lat' dir='ltr'>Herwerdennm</span> <span class='ocrx_word' id='word_1_329' title='bbox 574 4138 607 4200; x_wconf 93' lang='lat' dir='ltr'>in</span> <span class='ocrx_word' id='word_1_330' title='bbox 630 4138 772 4202; x_wconf 85' lang='lat' dir='ltr'>Hennae</span> <span class='ocrx_word' id='word_1_331' title='bbox 795 4160 827 4200; x_wconf 84' lang='lat' dir='ltr'>v.</span> <span class='ocrx_word' id='word_1_332' title='bbox 854 4143 895 4202; x_wconf 84' lang='grc'>24</span> <span class='ocrx_word' id='word_1_333' title='bbox 918 4161 950 4222; x_wconf 91' lang='lat' dir='ltr'>p.</span> <span class='ocrx_word' id='word_1_334' title='bbox 966 4142 1055 4222; x_wconf 84' lang='grc'>633).</span> <span class='ocrx_word' id='word_1_335' title='bbox 1079 4144 1142 4204; x_wconf 84' lang='grc'>287</span> <span class='ocrx_word' id='word_1_336' title='bbox 1157 4142 1242 4222; x_wconf 87' lang='lat' dir='ltr'>(tetr.</span> <span class='ocrx_word' id='word_1_337' title='bbox 1256 4141 1370 4224; x_wconf 80' lang='lat' dir='ltr'>iamt.)</span> <span class='ocrx_word' id='word_1_338' title='bbox 1385 4143 1499 4221; x_wconf 85' lang='grc' dir='ltr'>Μίδαις</span> <span class='ocrx_word' id='word_1_339' title='bbox 1512 4143 1569 4228; x_wconf 90' lang='lat' dir='ltr'>(sc.</span> 
     </span>
     <span class='ocr_line' id='line_1_36' title="bbox 294 4243 1569 4328; baseline 0.005 -21"><span class='ocrx_word' id='word_1_340' title='bbox 294 4245 382 4310; x_wconf 80' lang='grc' dir='ltr'>ἔστιν</span> <span class='ocrx_word' id='word_1_341' title='bbox 393 4247 468 4325; x_wconf 82' lang='grc' dir='ltr'>ὑμῖν</span> <span class='ocrx_word' id='word_1_342' title='bbox 491 4244 694 4327; x_wconf 66' lang='lat' dir='ltr'>cloud—ltu</span> <span class='ocrx_word' id='word_1_343' title='bbox 718 4243 772 4309; x_wconf 81' lang='grc' dir='ltr'>ὦτ’</span> <span class='ocrx_word' id='word_1_344' title='bbox 797 4244 876 4310; x_wconf 85' lang='grc' dir='ltr'>ὄνου</span> <span class='ocrx_word' id='word_1_345' title='bbox 892 4251 1017 4327; x_wconf 90' lang='grc' dir='ltr'>λάβητε.</span> <span class='ocrx_word' id='word_1_346' title='bbox 1044 4250 1195 4313; x_wconf 75' lang='lat' dir='ltr'>etc-1</span> <span class='ocrx_word' id='word_1_347' title='bbox 1221 4251 1262 4327; x_wconf 90' lang='grc' dir='ltr'>ἢν</span> <span class='ocrx_word' id='word_1_348' title='bbox 1286 4252 1569 4328; x_wconf 81' lang='grc' dir='ltr'>μὲνκατορθάισω-</span> 
     </span>
     <span class='ocr_line' id='line_1_37' title="bbox 295 4353 1568 4441; baseline 0.002 -24"><span class='ocrx_word' id='word_1_349' title='bbox 295 4373 361 4431; x_wconf 89' lang='grc' dir='ltr'>μεν,</span> <span class='ocrx_word' id='word_1_350' title='bbox 387 4353 421 4418; x_wconf 83' lang='grc' dir='ltr'>εὖ</span> <span class='ocrx_word' id='word_1_351' title='bbox 445 4355 591 4433; x_wconf 89' lang='grc' dir='ltr'>πράττειν</span> <span class='ocrx_word' id='word_1_352' title='bbox 615 4354 682 4418; x_wconf 89' lang='grc' dir='ltr'>ἀεί·</span> <span class='ocrx_word' id='word_1_353' title='bbox 706 4355 746 4431; x_wconf 82' lang='grc' dir='ltr'>ἢν</span> <span class='ocrx_word' id='word_1_354' title='bbox 769 4357 805 4418; x_wconf 83' lang='grc' dir='ltr'>δὲ</span> <span class='ocrx_word' id='word_1_355' title='bbox 828 4360 1015 4436; x_wconf 88' lang='grc' dir='ltr'>σφαλῶμεν,</span> <span class='ocrx_word' id='word_1_356' title='bbox 1032 4358 1243 4437; x_wconf 75' lang='grc' dir='ltr'>ἐπιτετρῖφθαι</span> <span class='ocrx_word' id='word_1_357' title='bbox 1261 4360 1318 4441; x_wconf 81' lang='lat' dir='ltr'>(se.</span> <span class='ocrx_word' id='word_1_358' title='bbox 1337 4359 1382 4423; x_wconf 89' lang='grc' dir='ltr'>ένι</span> <span class='ocrx_word' id='word_1_359' title='bbox 1398 4359 1568 4441; x_wconf 80' lang='grc' dir='ltr'>κίνδυνος).</span> 
     </span>
     <span class='ocr_line' id='line_1_38' title="bbox 295 4461 1570 4547; baseline 0.009 -27"><span class='ocrx_word' id='word_1_360' title='bbox 295 4461 360 4521; x_wconf 86' lang='grc'>468</span> <span class='ocrx_word' id='word_1_361' title='bbox 384 4461 442 4524; x_wconf 91' lang='grc' dir='ltr'>κάν</span> <span class='ocrx_word' id='word_1_362' title='bbox 466 4465 523 4541; x_wconf 83' lang='grc' dir='ltr'>μὲν</span> <span class='ocrx_word' id='word_1_363' title='bbox 546 4463 706 4543; x_wconf 85' lang='grc' dir='ltr'>ἀποφήνω</span> <span class='ocrx_word' id='word_1_364' title='bbox 731 4464 833 4542; x_wconf 87' lang='grc' dir='ltr'>μόνην</span> <span class='ocrx_word' id='word_1_365' title='bbox 856 4465 986 4540; x_wconf 86' lang='grc' dir='ltr'>ἀγαθῶν</span> <span class='ocrx_word' id='word_1_366' title='bbox 1010 4467 1161 4531; x_wconf 87' lang='grc' dir='ltr'>ἁπάντων</span> <span class='ocrx_word' id='word_1_367' title='bbox 1185 4465 1289 4530; x_wconf 84' lang='grc' dir='ltr'>οὖσαν</span> <span class='ocrx_word' id='word_1_368' title='bbox 1314 4466 1414 4530; x_wconf 85' lang='grc' dir='ltr'>αἰτίαν</span> <span class='ocrx_word' id='word_1_369' title='bbox 1429 4467 1570 4547; x_wconf 85' lang='grc' dir='ltr'>έμέὺμῑν</span> 
     </span>
     <span class='ocr_line' id='line_1_39' title="bbox 296 4558 1569 4652; baseline 0.007 -24"><span class='ocrx_word' id='word_1_370' title='bbox 296 4558 333 4628; x_wconf 82' lang='grc' dir='ltr'>δι’</span> <span class='ocrx_word' id='word_1_371' title='bbox 358 4567 411 4643; x_wconf 84' lang='grc' dir='ltr'>ἐμέ</span> <span class='ocrx_word' id='word_1_372' title='bbox 435 4589 468 4630; x_wconf 93' lang='grc' dir='ltr'>τε</span> <span class='ocrx_word' id='word_1_373' title='bbox 492 4573 614 4646; x_wconf 61' lang='lat' dir='ltr'>zonae</span> <span class='ocrx_word' id='word_1_374' title='bbox 639 4572 741 4648; x_wconf 86' lang='grc' dir='ltr'>ὑμᾶς·</span> <span class='ocrx_word' id='word_1_375' title='bbox 766 4570 851 4634; x_wconf 80' lang='grc' dir='ltr'>εἰδὲ</span> <span class='ocrx_word' id='word_1_376' title='bbox 874 4573 926 4649; x_wconf 88' lang='grc' dir='ltr'>μή,</span> <span class='ocrx_word' id='word_1_377' title='bbox 951 4576 1093 4637; x_wconf 87' lang='grc' dir='ltr'>ποιεῖτον</span> <span class='ocrx_word' id='word_1_378' title='bbox 1117 4575 1177 4651; x_wconf 85' lang='grc' dir='ltr'>ἤδη</span> <span class='ocrx_word' id='word_1_379' title='bbox 1201 4569 1300 4646; x_wconf 84' lang='grc' dir='ltr'>τοῦθ’,</span> <span class='ocrx_word' id='word_1_380' title='bbox 1338 4572 1356 4634; x_wconf 85' lang='grc' dir='ltr'><em>ὅ</em></span> <span class='ocrx_word' id='word_1_381' title='bbox 1382 4593 1409 4635; x_wconf 89' lang='grc' dir='ltr'>τι</span> <span class='ocrx_word' id='word_1_382' title='bbox 1434 4574 1473 4636; x_wconf 77' lang='lat' dir='ltr'>dv</span> <span class='ocrx_word' id='word_1_383' title='bbox 1496 4575 1569 4652; x_wconf 82' lang='grc' dir='ltr'>ὑμῖν</span> 
     </span>
    </p>
   </div>
   <div class='ocr_carea' id='block_1_5' title="bbox 0 0 1743 5396">
    <p class='ocr_par' dir='ltr' id='par_1_5' title="bbox 0 0 1743 5396">
     <span class='ocr_line' id='line_1_40' title="bbox 0 0 1743 5396; baseline 0 0"><span class='ocrx_word' id='word_1_384' title='bbox 0 0 1743 5396; x_wconf 95' lang='lat' dir='ltr'> </span> 
     </span>
    </p>
   </div>
  </div>
 </body>
</html>
