3466 5406
710 489 889 551 ..13..

643 733 846 809 CAPUT
886 735 964 805 Ill.

590 942 764 1009 Sententiae
788 941 1021 1008 condicionales.

201 1135 439 1202 Sententiarum
464 1138 741 1203 condicionalium
762 1143 918 1219 quattuor
937 1140 1060 1202 formae
1074 1121 1213 1204 discen-nn
1229 1142 1342 1206 solent:
1361 1163 1441 1225 qua-

158 1263 227 1306 rum
251 1265 317 1307 una
340 1244 453 1328 (quam
476 1247 618 1330 logicam
642 1252 716 1308 sunt
741 1247 797 1327 qui
821 1246 1001 1328 appellent)
1015 1247 1048 1311 in
1062 1251 1244 1329 temporum
1261 1269 1320 1311 usu
1336 1250 1440 1316 libera

160 1353 325 1416 enuntiata
347 1356 503 1435 sequitur,
522 1355 626 1418 altera
637 1355 739 1417 habet
751 1353 1003 1430 coniunctivum,
1021 1353 1442 1440 tertia,quan1vocantpo-

160 1461 334 1537 tentialem,
347 1497 391 1510 -
404 1463 597 1544 optativum,
623 1468 750 1544 quarta,
776 1481 860 1543 quae
876 1461 1003 1525 irrealis
1020 1462 1146 1539 dicitur,
1159 1499 1203 1510 -
1215 1464 1440 1545 imperfectum

159 1571 212 1628 aut
235 1569 391 1631 coristinm
414 1569 482 1632 ind.
503 1575 560 1632 aut
576 1569 939 1652 plusquamperfectum,
965 1570 1081 1649 quibus
1103 1571 1136 1632 in
1161 1569 1297 1652 epodosi
1311 1578 1442 1654 praete-

159 1675 252 1736 ritum
277 1695 350 1738 cum
374 1652 414 1741 oio
437 1677 620 1759 respondet.
657 1675 751 1738 Hanc
776 1675 968 1739 divisionem
1002 1695 1061 1738 nos
1096 1695 1226 1759 quoque
1257 1697 1439 1758 sequemur,

160 1783 267 1846 ordine
292 1791 401 1848 tamen
425 1786 602 1846 formarum
625 1785 672 1846 ita
695 1789 831 1858 mutato,
856 1787 892 1845 ut
914 1785 1021 1864 primo
1046 1784 1119 1847 loco
1142 1791 1305 1866 ponantur
1329 1788 1441 1851 condi·

160 1891 272 1968 cinnes,
298 1911 383 1971 quae
408 1893 614 1955 coniunctivo
647 1892 834 1954 enuntiatae
868 1895 950 1967 suut,
988 1891 1147 1955 altero-
1161 1910 1245 1973 quac
1280 1895 1438 1975 optativo,

160 1998 249 2060 tertio
273 1996 417 2074 irreales‚
443 2002 559 2079 quarto
584 1997 723 2079 logicae,
737 2015 858 2058 -nou
882 1995 971 2076 qnod
999 1998 1053 2059 hio
1078 1997 1157 2060 ordo
1182 2000 1300 2062 usitato
1323 2000 1439 2065 melior

159 2104 195 2164 sit
216 2105 297 2184 (scio
323 2105 408 2166 enim
430 2122 538 2166 meum
562 2103 663 2166 multo
689 2103 884 2166 deteriorem
908 2099 1002 2189 csse),
1028 2103 1085 2166 sed
1110 2105 1249 2185 quiade
1286 2109 1438 2170 coniunc-

161 2211 220 2274 tivo
241 2217 273 2275 et
298 2212 445 2293 optativo
471 2211 630 2274 sententia
655 2211 803 2292 exposita
827 2228 925 2289 quam
949 2209 1118 2273 celerrime
1141 2213 1228 2294 ipsos
1246 2212 1345 2290 locos,
1373 2216 1436 2276 buo

162 2320 360 2398 pertinentes,
384 2319 460 2381 volo
486 2319 611 2381 afferre.

314 2515 347 2580 Α.
371 2512 560 2581 Sententiae
583 2513 828 2581 condicionales
851 2512 1059 2580 coniunctivo
1082 2515 1279 2583 enuntiatae.

198 2681 246 2744 De
271 2680 551 2746 coiiiiinctionibne.
578 2680 689 2742 Solent
711 2681 775 2742 hac
799 2681 977 2742 sententiae
1001 2679 1089 2760 apud
1111 2681 1169 2742 Ar.
1187 2686 1219 2743 et
1230 2702 1346 2764 prosae
1364 2703 1436 2745 ora-

159 2790 247 2852 tionis
272 2790 445 2871 scriptores
469 2808 533 2851 non
557 2788 626 2850 solo
651 2789 858 2850 coniunctivo
883 2788 1056 2863 enuntiari,
1092 2788 1149 2851 sed
1184 2789 1313 2852 adiecta
1335 2793 1436 2870 parti-

155 2895 223 2958 cula
246 2895 297 2960 ἄν.
321 2895 414 2958 Haec
439 2914 512 2957 cum
536 2895 562 2958 εἰ
585 2914 712 2976 semper
735 2895 770 2955 in
792 2912 890 2954 unam
913 2912 1029 2955 vocem
1053 2895 1109 2958 ἐάν
1129 2895 1182 2956 vel
1206 2896 1245 2971 ἤν
1270 2896 1434 2971 coalescit,

154 3003 234 3065 nude
257 3022 376 3078 rursus,
402 3003 452 3065 not
473 3002 700 3083 praecedente,
725 3001 783 3064 κᾶν
808 2998 928 3063 evadit.
954 2998 1131 3062 Praeterea
1155 3002 1189 3062 in
1217 3002 1365 3064 omnibus
1396 3002 1435 3063 li-

154 3111 215 3172 bris
239 3110 365 3191 aliquot
389 3111 469 3172 locis
492 3129 552 3190 pro
577 3111 617 3188 ἤν
641 3110 796 3190 scriptum
820 3111 868 3170 est
891 3107 940 3170 do:
978 3107 1042 3170 Av.
1079 3110 1154 3170 554.
1189 3108 1225 3172 L.
1259 3111 1333 3176 901.
1359 3112 1433 3173 902,

150 3217 207 3280 Th.
236 3221 309 3285 154.
338 3219 432 3293 1187,
458 3236 595 3297 quorum
618 3217 653 3279 in
676 3216 790 3278 ultimo
814 3215 954 3279 barbaro
968 3214 1109 3294 Scythae
1130 3219 1271 3279 sermoni
1288 3217 1434 3296 debetur,

152 3325 182 3386 in
204 3325 337 3405 reliquis
361 3331 448 3388 recte
473 3345 493 3386 a
516 3325 595 3385 viris
621 3323 724 3386 doctis
748 3328 907 3384 mutatum
931 3323 1035 3384 estin
1058 3323 1107 3399 ἤν,
1133 3324 1211 3402 quia
1235 3323 1274 3387 ἄν
1297 3343 1357 3405 pro
1378 3329 1434 3390 ἐάν

151 3431 270 3495 dictum
295 3451 363 3495 csse
387 3433 517 3495 videtur
538 3433 572 3494 in
596 3432 775 3494 recentiore
802 3430 942 3492 dialecto
960 3431 1072 3492 Attica
1089 3431 1130 3492 ab
1149 3431 1433 3513 Aristophancquc

150 3556 215 3600 esse
240 3538 383 3600 alienum
408 3538 620 3620 (quamquam
645 3536 685 3599 ἄν
706 3538 740 3598 iu
763 3555 826 3597 uno
851 3535 944 3596 titulo
969 3535 1091 3598 saeculi
1126 3536 1157 3596 V
1193 3537 1368 3614 invenitur;
1400 3557 1429 3598 v.

148 3644 312 3708 Meisterh.
335 3651 446 3707 notam
476 3644 584 3727 1709).
611 3644 676 3705 Pro
702 3643 760 3706 κᾶν
785 3643 912 3722 aliquot
934 3643 1025 3718 locis,
1051 3648 1086 3704 ut
1110 3643 1150 3704 A.
1185 3645 1260 3709 717.
1291 3645 1331 3706 E.
1357 3646 1431 3711 261.

147 3753 198 3815 Pl.
223 3755 297 3829 196,
318 3753 396 3818 libri
420 3772 530 3816 ornnes
545 3754 604 3830 κῆν
620 3752 788 3833 praebent,
807 3749 894 3831 quod
909 3750 1103 3831 Blapdesius
1115 3753 1233 3814 mirum
1248 3754 1283 3814 in
1298 3752 1431 3814 niodum

147 3862 266 3942 ubique
289 3879 349 3942 pro
374 3860 433 3925 κᾶν
455 3860 678 3941 reponendum
701 3865 819 3922 censet:
834 3857 891 3920 scd
905 3859 963 3935 κῆν
979 3859 1020 3920 ab
1033 3858 1145 3920 Attica
1159 3860 1299 3923 dialecto
1314 3860 1433 3921 abhor-

148 3986 218 4032 rere
241 3967 380 4030 videtur.

190 4073 283 4156 Quae
307 4078 391 4138 ratio
416 4077 501 4136 inter
523 4076 643 4136 formas
668 4075 724 4137 ε’άν
749 4083 781 4135 et
803 4074 843 4151 ἤν
867 4073 955 4154 apud
971 4073 1429 4154 Aristophanemintercedat,

146 4183 211 4244 iam
236 4183 294 4244 alii
315 4183 472 4246 dixerunt.
508 4181 637 4243 Patrius
672 4179 805 4260 quidem
830 4179 869 4242 de
893 4179 956 4242 hac
981 4199 1016 4242 rc
1040 4182 1087 4241 ita
1112 4180 1257 4262 disputat
1291 4195 1338 4262 (p.
1361 4185 1429 4266 31):

149 4290 399 4370 ,Exemplorum
423 4291 516 4364 ratio,
541 4291 567 4350 si
590 4307 760 4350 numerum
785 4293 978 4369 spectamus,
1003 4288 1037 4350 iu
1060 4288 1208 4350 omnibus
1240 4290 1429 4354 comoediis,

146 4401 270 4458 tantum
295 4397 387 4460 abest
410 4402 445 4459 ut
467 4415 529 4476 par
552 4397 602 4472 sit,
627 4402 663 4458 ut
685 4394 917 4478 progrediente
942 4401 1050 4458 aetate
1073 4400 1192 4476 poetae
1209 4413 1352 4458 crescere
1366 4399 1430 4460 lor·

144 4523 217 4566 urae
242 4505 281 4581 ἤν
305 4502 472 4567 adhibitae
497 4503 648 4584 exempla
672 4503 934 4566 animadvertere
960 4503 1088 4566 liceat“.
1112 4503 1204 4565 Haeo
1229 4502 1429 4568 demonstra-

143 4629 176 4674 re
201 4615 337 4672 conatur
372 4610 592 4691 comparando
627 4629 777 4672 numeros
813 4611 981 4690 utriusque
1016 4611 1198 4692 particulae
1233 4612 1266 4672 in
1303 4610 1429 4674 duabus
