3468 5390
773 431 981 498 ³84-

250 607 335 669 quae
359 589 491 668 locutio,
517 609 590 654 cum
613 593 698 668 τρεῖς
723 587 887 652 adiectum
910 590 1042 666 habeat,
1067 591 1201 671 proprie
1222 590 1289 652 huo
1304 609 1370 652 non
1385 592 1545 672 pertinet.

249 695 387 759 Restant
409 697 509 779 igitur
530 695 590 760 illa
615 695 689 774 duo,
721 696 778 761 ubi
812 696 948 777 pluralis
985 696 1134 776 quamvis
1166 697 1273 773 facile,
1309 696 1468 774 ςόοίοίο,
1504 699 1542 760 in

252 803 380 866 dualem
407 805 526 887 corrigi
550 805 654 887 possit
677 803 850 886 (nusquam
875 805 960 867 enim
985 823 1096 868 versus
1120 793 1281 888 impedit),
1317 805 1357 868 ab
1388 805 1547 868 omnibus

250 911 428 989 codicibus,
454 913 548 975 toties
580 912 614 974 in
637 931 703 974 una
725 911 906 991 eademque
939 911 1104 976 locutione
1141 913 1422 987 consentientibus,
1460 912 1548 974 satia

142 1051 145 1060 ,
248 1018 405 1099 praesidii
428 1019 550 1082 habere
574 1017 714 1082 videtur:
742 1037 780 1080 ao
803 1019 877 1081 lieri
899 1023 1016 1100 potest,
1040 1021 1132 1082 utin
1154 1021 1205 1082 his
1228 1021 1374 1083 formulis
1401 1019 1547 1101 pluralis-

249 1125 414 1188 inlocum
438 1125 544 1189 dualis
570 1127 638 1187 iam
663 1143 700 1187 eo
726 1130 872 1208 tempore
904 1125 1095 1209 successerit
1131 1125 1220 1209 (nam
1250 1128 1470 1190 nominativus
1504 1133 1539 1190 et

250 1239 456 1301 accusativus
480 1237 585 1300 dualis
608 1237 776 1300 nominum
799 1237 926 1318 primae
952 1235 1179 1299 declinationis
1197 1237 1339 1299 omnium
1355 1235 1479 1317 primus
1496 1250 1541 1296 ex

248 1343 433 1406 Atticorum
468 1364 527 1406 usu
563 1344 734 1407 evanuisse
770 1331 908 1420 videtur,
945 1348 981 1406 ut
1014 1345 1048 1404 in
1084 1343 1269 1407 oratoribus
1301 1341 1540 1405 demonstravit

248 1446 393 1514 Keckius
415 1471 448 1533 p.
471 1441 561 1533 206).
586 1450 693 1513 Aliter
714 1449 824 1512 iudico
850 1449 890 1512 de
913 1450 972 1512 Ec.
1001 1452 1095 1527 1064,
1120 1452 1177 1514 ubi
1202 1447 1288 1530 quod
1314 1447 1468 1512 traditum
1489 1453 1548 1510 est.

248 1559 404 1636 ἐγγυητάς
428 1574 481 1620 σοι
505 1557 565 1620 δύο
590 1562 656 1618 tam
680 1556 787 1633 facile,
812 1573 834 1621 σ
857 1558 1033 1638 geminam,
1059 1577 1099 1621 ex
1123 1557 1260 1634 ἐγγυητά
1285 1574 1316 1621 o.
1335 1561 1362 1620 δ.
1381 1555 1460 1618 oriri
1475 1573 1536 1636 po·

248 1665 320 1741 tuit,
344 1669 380 1726 ut
404 1663 533 1726 dualem
556 1665 727 1726 restituere
750 1665 817 1726 fere
840 1683 905 1726 non
930 1663 1084 1728 dubitem.
1118 1661 1211 1746 Quae
1236 1683 1309 1726 cum
1333 1665 1380 1725 ita
1403 1664 1476 1736 sint,
1501 1663 1541 1724 in

248 1791 286 1834 eo
310 1770 394 1847 loco,
419 1769 505 1832 unde
528 1772 610 1834 haec
640 1769 816 1852 disputatio
840 1772 988 1853 profecta
1013 1777 1069 1849 est,
1094 1777 1126 1835 et
1150 1771 1209 1834 δύο
1234 1773 1364 1850 μυριάδε
1388 1769 1454 1832 iere
1479 1789 1536 1832 ne-

248 1878 423 1942 cessarium
448 1882 495 1939 est
519 1878 660 1940 scribere
685 1882 717 1939 et
740 1876 780 1940 ἄν
801 1877 966 1959 particula
989 1879 1103 1958 ntique
1127 1875 1309 1953 inserenda,
1344 1877 1426 1939 haec
1455 1897 1545 1939 vero

248 1985 343 2048 aliter
366 1985 438 2046 lieri
462 2003 527 2046 non
549 1989 695 2067 possunt,
726 1985 846 2062 nisisi,
871 1985 1060 2048 Dobraeum
1092 1985 1204 2062 secuti,
1228 1983 1442 2066 Aristophani
1478 2007 1535 2061 μο-

247 2091 328 2170 ριάδ’
354 2089 393 2153 ἄν
416 2091 633 2152 restituamus.
657 2087 811 2155 Mendum
836 2108 874 2153 eo
899 2096 1011 2152 natum
1030 2109 1098 2153 esse
1113 2096 1202 2172 puto,
1222 2088 1309 2170 quod
1325 2090 1441 2170 primo,
1460 2103 1536 2151 curn

247 2201 315 2262 sine
339 2197 477 2275 elisione
498 2198 628 2275 μυριάδε
653 2196 693 2259 ἄν
715 2197 871 2276 scriptum
896 2202 988 2273 esset,
1015 2195 1056 2258 ad
1080 2197 1205 2259 hiatum
1224 2195 1419 2278 explendum
1436 2213 1458 2260 σ
1475 2197 1543 2258 ad*

247 2306 350 2368 ditum
375 2308 468 2381 esset,
482 2308 598 2385 postea
610 2304 719 2367 nescio
745 2323 820 2365 casu
846 2323 887 2364 an
911 2303 1057 2366 consulto
1082 2305 1178 2365 metri
1203 2320 1301 2366 causa
1324 2303 1448 2366 dvloco
1462 2323 1536 2366 mo-

247 2419 315 2474 tum
339 2411 389 2472 sit.
415 2407 532 2474 Cobeti
557 2410 744 2473 coniectura
767 2410 825 2473 δύο
851 2412 999 2488 μυριάδες
1023 2415 1088 2474 τῶν
1112 2413 1139 2474 δ.
1165 2415 1246 2492 liber
1270 2409 1309 2474 ἂν
1325 2409 1360 2474 ἐν
1374 2432 1408 2475 π.
1426 2413 1454 2473 t.
1470 2429 1537 2472 nee

244 2517 407 2600 pluralem
445 2522 592 2580 removet
625 2522 657 2578 et
680 2535 807 2578 sensum
841 2535 905 2578 non
937 2517 983 2579 ita
1006 2517 1128 2580 bonum
1151 2517 1288 2598 praebet
1311 2523 1343 2578 et
1367 2537 1385 2578 a
1411 2516 1546 2578 codici·-

245 2627 304 2689 bus
327 2625 455 2706 longius
478 2625 579 2688 abest.
604 2622 676 2684 Iam
699 2643 796 2704 porro
820 2622 1078 2705 progrediamur.

290 2733 355 2794 824
379 2731 405 2794 εἰ
429 2735 545 2795 θᾶττον
568 2731 714 2795 ἐκαθίζου
739 2731 792 2809 σύ,
817 2735 933 2795 θᾶττον
957 2731 998 2795 ἂν
1021 2732 1109 2805 δίκην
1133 2732 1280 2796 ἐκάλουν.

288 2839 326 2902 P.
355 2839 418 2902 734
442 2835 523 2922 (an.)
547 2841 681 2916 χρῆν-
696 2837 821 2902 τύπτειν
845 2839 922 2915 τοὺς
948 2839 1157 2918 ῥαβδούχους,
1183 2838 1212 2901 εί
1233 2858 1280 2915 τις
1299 2844 1543 2923 reporborum--

244 2951 301 3028 τὴς
328 2949 427 3012 αὑτὸν
452 2947 569 3031 ἐπῄνει.
588 2947 651 3012 908
666 2946 726 3012 οὐκ
750 2945 789 3009 div
813 2945 870 3030 (sc.
896 2945 1037 3024 ἔδρασας
1060 2946 1181 3026 τοῦτο),
1208 2945 1278 3010 εἴτι
1295 2951 1412 3023 προῖκα
1428 2962 1542 3024 προσ-4

245 3059 376 3131 αγαγεῖν
400 3054 432 3118 o'
458 3055 531 3130 ἔδει,
557 3052 626 3118 ἀλλ’
651 3051 752 3131 ηὗρον
777 3052 816 3116 ἄν
841 3053 872 3116 σ’
898 3054 1058 3132 ὑπέχοντα
1081 3053 1139 3131 τήν
1164 3053 1344 3131 ἐκεχειρίαν.

286 3161 349 3224 Ατ.
376 3163 440 3226 786
466 3160 535 3244 (tr.)
560 3160 656 3237 εἴτις
681 3159 721 3237 ἦν
744 3160 938 3237 ὑπόπτερος,
964 3159 1172 3236 εἷτα-τοϊς
1202 3159 1531 3238 χοροῖσι-ἤχθετο,

247 3268 443 3346 ἐκπτόμενος
468 3267 514 3349 (il.
540 3268 751 3345 ἐκπετόμενος
766 3271 798 3328 et
813 3266 1041 3350 ἐκπετάμενος)
1055 3267 1095 3330 ἂν
1106 3265 1203 3342 οὗτος
1215 3266 1390 3344 ἠρίστησεν
1404 3299 1447 3312 --
1460 3263 1532 3346 κᾷτ’

244 3375 526 3450 θεν-κατέπτετο
551 3373 802 3458 (Π.κατέπτατο)τ
828 3373 867 3437 de
893 3376 1012 3438 aoristo
1037 3393 1069 3435 ν.
1093 3375 1245 3438 πέτεσθαι
1279 3389 1311 3436 ν.
1348 3371 1464 3436 Cobeti
1487 3372 1538 3433 V..

242 3485 279 3546 L.
302 3504 335 3566 p.
361 3484 435 3547 305.
464 3481 689 3548 Rutherfordii
724 3482 845 3563 Phryn.
874 3502 906 3563 p.
944 3485 1019 3544 373.
1043 3479 1234 3545 Jernstedtii
1271 3477 1398 3561 „Hopa
1435 3481 1526 3562 orp.“

241 3613 275 3675 p.
301 3592 488 3657 era-1223
515 3589 746 3669 ἆρα-οἶσθα
769 3589 868 3670 τοῦθ’,
906 3589 953 3654 ότι
984 3587 1152 3654 δικαιότατ’
1189 3587 1466 3664 ἂννάπὲθανες,
1504 3566 1530 3648 εί

242 3702 299 3774 τῆς
323 3696 411 3772 ἀξίας
436 3695 615 3774 ἐτύγχανες;
1447 3759 1453 3770 ,

287 3803 322 3867 L.
349 3805 412 3865 516
436 3803 516 3883 (an.)
542 3802 601 3866 κᾶν
626 3802 757 3885 ᾤμωζές
780 3801 820 3878 γ’,
847 3799 873 3863 εἰ
895 3801 936 3878 μή
963 3799 1075 3878 ’σίγαςς
1100 3800 1156 3862 ubi
1191 3799 1217 3860 L
1252 3806 1284 3862 et
1311 3801 1366 3879 qui
1392 3818 1464 3861 cum
1488 3819 1532 3862 eo

242 3909 365 3972 faciunt
387 3907 546 3989 praebent
571 3909 716 3990 ᾤμωξας,
740 3905 772 3968 R
795 3911 884 3968 recte
909 3908 1050 3989 ᾤμωῑες.

290 4019 354 4080 572
378 4016 457 4114 (ans)
481 4015 540 4078 κᾶν
563 4015 636 4094 ύμῖν
660 4015 688 4090 γ’
705 4015 733 4078 εί
748 4034 793 4092 τις
818 4013 998 4094 ἐνῆννούς,
1017 4012 1131 4076 ἐκτῶν
1148 4013 1243 4090 ἐρίων
1259 4047 1295 4058 --
1311 4011 1528 4076 ἐπολιτεύεσθ’

243 4127 282 4190 ἂν
307 4123 442 4198 ἅπαντα,
466 4123 524 4186 ubi
559 4121 749 4184 Meinekeus
779 4119 825 4201 (in
850 4139 922 4182 ann.
949 4120 1007 4202 cr.)
1043 4119 1101 4184 κάν
1137 4119 1192 4202 (=
1205 4118 1256 4182 καὶ
1279 4117 1326 4201 ἐν)
1363 4139 1396 4181 se
1428 4119 1528 4181 malle

243 4235 297 4298 ait.
325 4230 422 4313 Quod
444 4249 550 4311 neque
572 4229 790 4291 necessarium
814 4233 871 4289 est:
895 4246 972 4289 nam
996 4226 1055 4289 κᾶν
1077 4226 1103 4290 εἰ
1125 4225 1305 4308 particulae
1341 4225 1422 4289 alibi
1447 4244 1528 4306 quo·

242 4365 305 4426 que
329 4363 395 4406 una
417 4343 626 4404 inveniuntur
650 4339 695 4420 (ν.
720 4337 831 4418 Viger.
854 4356 887 4417 p.
912 4339 975 4399 526
998 4343 1031 4397 et
1055 4336 1130 4398 836.
1155 4332 1293 4398 Coenen.
1310 4353 1343 4415 p.
1362 4335 1413 4396 67.
1427 4332 1532 4414 Ray-

242 4453 307 4518 des.
334 4450 431 4514 adh.
456 4447 504 4531 1.),
531 4455 562 4511 et
584 4447 719 4510 fortasse
744 4446 786 4506 ab
809 4443 1039 4525 Aristophanis
1070 4463 1129 4504 usu
1165 4442 1317 4517 alienum,
1355 4441 1411 4520 qui
1448 4440 1532 4500 huic·

239 4559 397 4623 locutioni
422 4555 569 4619 dativum
593 4557 660 4617 sine
680 4552 922 4636 praepositione
949 4551 1095 4613 subicere
1112 4529 1203 4612 solet:
1221 4548 1259 4610 A.
1279 4547 1352 4611 536.
1368 4547 1407 4610 Ε.
1428 4549 1524 4610 1121.
