3468 5390
717 459 895 520 ..73-

157 615 218 677 Est
240 619 412 697 praeterea
438 617 521 679 haec
548 617 717 680 correctio:
745 611 809 679 Δί’
835 613 890 680 ὅτε
905 635 951 692 γε,
980 633 1078 697 quem
1092 593 1226 679 Elmslei
1246 613 1442 678 esseierunt:

156 719 216 784 sed
226 739 267 784 ne
283 722 368 784 hano
385 719 514 801 quidem
526 721 746 804 probaverim:
761 741 834 784 nam
851 728 1082 805 praeterquam
1099 722 1187 803 quod
1202 721 1290 784 illius
1302 721 1356 786 ὅτε
1370 718 1442 782 ιιιιλ·

157 827 225 889 lum
248 828 423 909 vestigium
447 833 494 891 est
516 830 551 890 in
575 825 753 906 codicibus,
768 827 823 891 Ar.
839 828 874 890 iu
889 829 1064 892 enuntiatis
1081 827 1241 891 iterativis
1258 831 1314 889 aut
1336 825 1363 890 εἰ
1386 831 1442 887 aut

158 935 257 1000 ὁιιότε
270 939 327 998 aut
339 935 444 1012 ἐπειδή
459 955 532 998 eum
549 938 696 1018 optativo
713 937 909 1019 coniungere
924 935 1015 1013 solet,
1028 941 1065 999 ut
1077 936 1162 998 inira
1177 935 1371 1011 videbimus
1386 933 1443 997 ὅτε

156 1042 259 1105 semel
273 1041 384 1124 posuit
395 1039 453 1105 Ec.
469 1045 508 1104 27
512 1043 543 1104 0.
555 1039 672 1106 Restat
681 1041 783 1125 igitur
791 1041 929 1106 Personi
941 1044 969 1107 εἴ
978 1063 1025 1120 γε,
1037 1037 1125 1124 quod
1137 1044 1179 1106 ab
1193 1041 1248 1105 Ar.
1262 1041 1443 1124 proiectum

156 1169 217 1232 pro
243 1156 332 1214 certo
357 1149 520 1213 affirmare
544 1167 608 1213 non
625 1145 776 1232 equidem
794 1150 910 1228 audeo,
928 1157 1036 1214 temen
1052 1151 1293 1230 omnium,quae
1310 1148 1442 1230 quidem

158 1255 267 1319 adhuc
290 1258 421 1338 prolata
444 1257 516 1333 sint,
539 1255 611 1320 veri
635 1254 835 1319 simillimum
858 1262 948 1338 puto:
966 1275 1041 1319 narn
1059 1257 1148 1333 εἴγε,
1166 1257 1316 1336 quamvis
1332 1275 1441 1318 rarum

157 1365 210 1439 sit,
236 1367 345 1426 tamen
369 1361 531 1426 offendere
555 1382 620 1426 non
642 1380 737 1446 posse
752 1380 851 1446 supra
864 1382 896 1445 p.
912 1361 956 1424 ’65
972 1361 1108 1426 ostendi.
1122 1353 1249 1425 -'Iam
1273 1363 1442 1426 veniamus

158 1469 202 1532 ad
225 1489 257 1531 v.
285 1471 380 1532 1352.
404 1467 467 1532 Hic
490 1476 619 1534 veteres
643 1469 783 1559 editores
806 1471 960 1553 legebant
975 1473 1101 1547 τοῦτον,
1119 1469 1207 1552 quod
1224 1489 1297 1533 cum
1312 1473 1370 1534 τὸν
1384 1471 1442 1547 τὰς

157 1579 294 1654 τριήρεις
318 1578 559 1660 coniungebant
573 1577 654 1662 ⁴(ubi
676 1597 750 1640 cum
774 1577 850 1654 alia,
874 1585 944 1640 tum
968 1583 1163 1660 anapaestus
1187 1579 1367 1660 tripartitus
1382 1576 1443 1640 ali-

158 1683 239 1765 quid
263 1679 407 1748 offendit:
431 1705 463 1746 v.
488 1683 670 1748 Bernhardi
693 1704 726 1767 p.
752 1685 815 1747 249
840 1684 913 1766 sq.).
945 1682 1119 1747 Elmsleius
1144 1684 1282 1748 coniecit
1304 1685 1442 1761 τούτοιν,

158 1789 246 1871 quod
270 1789 461 1854 Meinekeus
489 1796 522 1854 et
544 1789 700 1854 Velsenus
735 1799 936 1872 receperunt.
975 1786 1039 1871 Qui
1073 1808 1130 1854 cur
1165 1789 1294 1854 dualem
1328 1792 1443 1873 reponi

157 1915 289 1960 necesse
313 1915 382 1960 esse
406 1896 651 1973 existimaverit,
677 1913 749 1958 cum
773 1893 975 1958 Ravennatis
1010 1898 1135 1959 τούτων
1169 1895 1299 1958 retineri
1322 1899 1441 1976 posset,

157 2024 221 2067 non
244 2004 324 2067 satis
347 2003 512 2086 intellego:
529 2023 604 2065 nam
619 2020 790 2065 numerum
805 2001 967 2084 pluralem
986 2023 1005 2065 a
1022 2001 1112 2065 duali
1130 2007 1301 2084 exceptum
1314 2007 1442 2065 contra-

159 2129 221 2191 que
245 2127 320 2173 cum
344 2109 425 2173 alibi
447 2111 560 2186 habes,
584 2115 652 2172 turn
674 2111 710 2171 in
732 2108 827 2171 titulo
852 2107 962 2172 Attico
986 2110 1062 2171 anui
1085 2111 1161 2185 409,
1186 2127 1206 2171 a
1228 2107 1442 2172 Meisterhan-

158 2220 204 2280 sio
227 2237 259 2280 n.
287 2219 373 2279 1375
398 2200 589 2293 allato,11bi
613 2217 768 2298 scripturn
793 2221 850 2279 est:
874 2217 974 2294 φιάλα
999 2215 1122 2293 ἀργυρᾶ
1146 2219 1291 2295 σταθμὸν
1304 2217 1441 2294 τούτων,

163 2327 198 2386 ci.
222 2323 287 2388 Αν.
314 2325 445 2388 367-9
469 2324 746 2401 ἄνδρε-τῶνδε,
770 2321 833 2385 Sed
855 2322 924 2386 noli
948 2323 1077 2386 Kockio
1092 2323 1233 2399 credere,
1247 2324 1314 2404 qui,
1333 2329 1370 2386 ut
1387 2343 1442 2387 ao-

167 2433 271 2492 ristum
296 2433 622 2507 καταμισθοφορῆσαι
645 2433 800 2504 servaret,
817 2433 919 2493 τῶνδε
931 2447 990 2512 pro
1007 2430 1133 2493 τούτων
1147 2431 1322 2507 substituit,
1338 2431 1443 2494 Krue-

167 2539 228 2617 geri
249 2535 308 2603 Gr.
335 2539 387 2613 51,
410 2535 440 2613 7,
466 2537 496 2598 i.
510 2539 552 2598 ‘3'
568 2537 681 2615 citans,
707 2536 762 2616 qui
787 2543 897 2600 tamen
921 2536 1130 2600 disertissime
1155 2535 1259 2614 docet,
1279 2552 1353 2601 eum
1367 2559 1442 2620 pro-

165 2641 298 2705 nominis
324 2642 382 2705 ύδε
405 2658 509 2718 usum,
534 2653 598 2722 quo
624 2641 667 2704 ad
680 2641 907 2705 antecedentia
918 2643 1085 2718 referatur,
1103 2661 1142 2704 ex
1157 2661 1274 2724 prosae
1287 2644 1443 2705 orationis

165 2751 374 2834 scriptoribus
396 2749 464 2812 iere
489 2749 577 2832 apud
598 2748 824 2830 Thucydidem
841 2755 873 2812 et
889 2749 1093 2813 Herodotum
1108 2751 1245 2833 reperiri
1262 2751 1315 2833 (ci.
1332 2751 1442 2815 Kueh-

160 2875 271 2919 nerum
296 2856 339 2919 ad
362 2855 447 2918 Xen.
472 2857 569 2919 Mem.
597 2861 626 2933 l,
650 2855 681 2933 2,
708 2857 752 2939 3).
777 2856 841 2919 Sed
864 2875 970 2938 neque
993 2861 1109 2922 τοῦτον
1125 2876 1230 2939 neque
1246 2857 1371 2922 τούτων
1383 2877 1442 2922 ne-

162 2984 222 3044 que
245 2967 376 3029 τούτοιν
403 2982 509 3045 neque
531 2969 633 3028 τῶνδε
655 2964 911 3045 Aristophanem
946 2963 1112 3045 scripsisse
1148 2963 1317 3028 contendo.
1355 2961 1442 3046 Quid

158 3073 243 3136 enim
268 3078 317 3136 est
340 3069 650 3150 ucruuroiiopopeir‘?
672 3071 711 3134 In
733 3070 867 3134 scholiis
889 3072 1039 3153 legimus:
1064 3071 1109 3150 εἰς
1132 3075 1249 3151 μισθὸν
1264 3073 1440 3150 ἀναλῶσαι,

159 3183 273 3253 μισθὸν
296 3180 419 3243 διδόναι
443 3179 478 3242 ἐν
499 3183 536 3261 τῇ
562 3180 715 3261 ἐκκλησίᾳ
741 3181 882 3256 καὶτοῖς
905 3180 1130 3257 δικαστηρίοις,
1166 3181 1223 3245 τὸν
1258 3181 1442 3245 δικαστικὸν

159 3293 208 3351 καὶ
229 3289 290 3352 τὸν
314 3287 588 3364 ἐκκλησιαστικὸν.
613 3283 700 3348 Hinc
725 3287 781 3367 qui
796 3289 922 3360 τοῦτον,
942 3286 1077 3362 τούτων,
1090 3288 1228 3363 τούτοιν,
1244 3291 1346 3352 τῶνδε
1364 3289 1442 3351 scri·

158 3396 237 3458 bunt
261 3400 327 3471 aut,
351 3395 460 3476 priore
485 3393 703 3474 explicatione
727 3394 923 3456 scholiastae
939 3393 1098 3475 neglecta,
1116 3394 1252 3456 alteram
1270 3395 1440 3473 asciscunt,

157 3509 193 3563 nt
214 3499 430 3578 Ribbeckius,
466 3501 522 3580 qui
557 3501 692 3564 verbum
728 3501 775 3563 ita
797 3480 1038 3583 interpretatur:
1067 3499 1236 3578 „Richter-
1261 3502 1327 3565 und
1360 3503 1442 3566 Ver-

157 3605 450 3687 sammlungs-Sold
476 3605 624 3680 zahlen“,
658 3612 723 3682 aut,
748 3606 775 3666 si
798 3606 940 3687 priorem
972 3612 1158 3686 sequuntur,
1193 3607 1292 3668 tacite
1316 3605 1442 3688 aliquid

157 3717 316 3776 incertum
338 3711 424 3774 unde
448 3711 609 3793 supplent,
645 3718 681 3773 ut
708 3712 865 3776 Kockius:
904 3711 974 3789 ,cie
1008 3711 1187 3794 Eiubiiufie
1222 3711 1277 3776 des
1314 3711 1442 3776 Staures

155 3841 240 3902 ganz
264 3817 330 3882 und
353 3838 412 3902 gar
436 3819 489 3880 aut
512 3817 664 3884 Richter·
688 3819 755 3884 und
780 3818 1083 3883 Ekklesiastensold
1116 3819 1346 3884 venumdant
1382 3821 1442 3883 At·

157 3937 267 3990 tamen
288 3945 401 3990 veram
426 3944 496 3988 esse
519 3927 662 4006 priorem
685 3925 788 3990 solam
813 3927 1007 3989 scholiastae
1029 3927 1339 4007 interpretationem,
1364 3947 1442 3990 ana—

157 4036 247 4117 logia
271 4033 415 4096 omnium
440 4032 598 4095 eiusmodi
621 4035 797 4096 verborum
822 4033 926 4096 docet:
953 4033 1033 4095 talia
1057 4034 1142 4096 enirn
1162 4053 1235 4095 cum
1252 4036 1330 4097 κατά
1345 4053 1442 4115 prae·

156 4142 318 4223 positione
343 4139 523 4222 composita
546 4142 824 4222 consumptionem
851 4137 988 4201 alieuius
1021 4140 1069 4201 rei
1104 4140 1138 4200 in
1172 4135 1216 4213 id,
1253 4138 1340 4218 quod
1370 4139 1439 4221 ipso

158 4250 258 4312 verbo
284 4247 485 4329 exprimitur,
510 4245 704 4328 significant,
740 4248 796 4310 ubi
821 4243 977 4310 Germani
1006 4267 1068 4322 cer,
1092 4265 1150 4309 nos
1175 4265 1235 4324 spo
1258 4245 1440 4328 praefigere

157 4356 258 4418 verbo
283 4353 432 4417 solemus.
457 4352 561 4414 Multa
585 4353 770 4417 huiusmodi
796 4353 928 4436 collegit
943 4353 1084 4416 Zeunius
1100 4351 1310 4434 adl'igerum
1325 4372 1357 4435 p.
1376 4355 1440 4418 638

159 4461 364 4542 maximeque
388 4459 630 4541 Frohbergerus
654 4461 688 4524 in
712 4460 893 4542 appendice
907 4459 950 4522 ad
964 4459 1083 4540 Lysiae
1100 4479 1147 4523 or.
1164 4459 1254 4536 XIV,
1272 4461 1323 4523 27.
1349 4460 1439 4524 Haec

158 4574 238 4630 sunt:
264 4567 489 4645 κατακυβεύειν
511 4583 580 4629 rem
606 4565 680 4629 alea
702 4565 839 4650 perdere
856 4585 1054 4648 uponrpars,
1073 4569 1348 4644 καθιπποτροφεῐν
1371 4585 1439 4630 reru
