3446 5396
849 483 889 492 -—
919 449 981 510 130
1008 479 1045 493 -··

307 607 351 668 eit
374 605 589 688 Hirsohigius‚
614 605 719 668 diviso
744 605 832 686 quod
853 607 889 668 in
911 583 1003 670 libris
1032 608 1228 670 ooniunetim
1244 623 1250 632 ·
1264 601 1432 670 exaratum
1464 609 1585 691 legitur
1708 650 1709 653 ,

307 711 515 792 ἀκριβώσητε.
553 709 645 792 Quae
680 713 838 776 eorreotio
863 714 940 776 satis
963 713 1142 795 probabilis
1177 720 1233 778 est:
1268 733 1344 776 nem
1374 711 1509 791 τούτους
1541 715 1589 776 ad

306 822 506 900 ἀκριβώσητε
528 823 690 914 pertinere
714 841 780 884 non
795 828 911 904 potest,
928 827 1101 905 propterea
1118 823 1206 904 quod
1222 823 1372 901 ἀκριβοῦν
1385 826 1432 885 est
1451 825 1590 902 „exacte

306 931 431 1012 aliquid
453 930 723 1020 faoere“;'neque
746 931 919 1012 participio
945 930 1100 994 adiuncto
1123 932 1276 1010 ἀκριβοῦν
1309 929 1364 1012 (ad
1388 913 1581 1011 ⁴analogiam

305 1039 340 1104 ειί
364 1039 479 1122 ποιεῖν)
505 1059 642 1120 usquam
666 1039 730 1121 legi
753 1037 892 1101 videtur.

834 1253 1047 1267 ...ι-..Ἀ

611 1430 645 1519 2)
675 1428 952 1502 annueram
980 1383 1270 1502 annuarum.

347 1617 530 1680 Enuntiate
553 1618 649 1679 huius
673 1619 798 1700 generis
818 1619 852 1680 iu
874 1618 997 1701 protasi
1019 1616 1142 1680 habent
1160 1635 1315 1696 praerato
1333 1616 1416 1679 coni.
1436 1613 1514 1697 (quo
1531 1633 1580 1676 re-

241 1755 244 1761 ’
302 1727 368 1788 sero
394 1746 424 1786 ν.
454 1729 576 1788 κεῖσθαι
602 1725 744 1812 quoque)
770 1727 812 1787 40
830 1725 922 1802 loeis,
938 1726 1193 1802 norisium-22,
1212 1724 1367 1803 praesens
1384 1729 1414 1785 οῖ
1428 1723 1587 1784 norisium

304 1835 443 1909 ιιιιιι-β,
466 1833 723 1914 perfeetum-2,
749 1853 832 1914 quae
857 1835 964 1896 omnia
987 1833 1110 1895 fooinnt
1130 1851 1297 1894 numerum
1323 1832 1374 1898 66,

345 1975 433 2038 Aaou.
458 1974 576 2038 Tribus
598 1974 681 2038 loeis
705 1976 784 2038 tatia
810 1977 977 2039 enuntiate
998 1975 1163 2057 praesenti
1185 1974 1252 2040 ind.
1270 1974 1357 2037 elate
1372 1977 1444 2036 suut
1468 1939 1580 2056 (quem

300 2101 368 2144 rem
393 2083 592 2144 rarissimam
617 2102 685 2150 esse
710 2079 875 2148 contendit
899 2081 1100 2148 Goodwinus
1125 2085 1141 2166 β
1168 2084 1256 2166 536);
1286 2101 1423 2164 quorum
1447 2081 1510 2144 duo
1547 2081 1580 2142 in
1628 2079 1632 2088 ’

300 2191 393 2253 tibris
416 2191 463 2252 ita
487 2190 638 2272 leguntur
660 2209 766 2272 neque
790 2191 849 2254 ulii
875 2191 1070 2257 dubitationi
1092 2197 1166 2254 sunt
1189 2192 1340 2256 obnoxia:
1371 2191 1408 2252 Ε.
1443 2193 1484 2253 62
1510 2183 1588 2252 ὁδ’,
1713 2193 1714 2200 ’

301 2297 399 2361 αὐτὸν
425 2298 469 2376 ὡς
494 2296 554 2379 ὁρᾷ
579 2300 832 2382 μεμακκοακότα,
865 2300 977 2379 τέχνην
1011 2301 1177 2376 πεποίηται
1206 2299 1290 2378 „ubi
1326 2317 1398 2359 eum
1434 2296 1525 2361 videt
1526 2341 1578 2372 .....

300 2425 379 2486 opus
404 2404 623 2487 aggr·editur“.
657 2405 710 2468 Fr.
750 2407 811 2470 166
837 2404 855 2467 ὁ
880 2406 1106 2484 μηχανοποιὸς,
1132 2404 1228 2470 ὁπότε
1255 2405 1359 2483 βούλει
1383 2405 1439 2469 τὸν
1462 2405 1579 2484 τροχὸν

298 2515 370 2591 ῖμοῖν
396 2513 443 2594 (ll.
466 2513 536 2595 ἐᾶν)
563 2513 678 2592 ἀνεκάς
704 2513 750 2596 (11.
773 2513 909 2590 κάνεκάς
934 2519 965 2576 et
989 2514 1086 2594 sim),
1112 2513 1193 2589 λέγε,
1217 2515 1308 2592 χαῖρε
1331 2512 1452 2590 φέγγος
1476 2509 1577 2582 ἡλίου.

297 2623 425 2684 'sentius
451 2626 559 2683 autem
582 2621 673 2683 loeus
697 2621 805 2685 inutili
828 2619 993 2682 Meinekei
1018 2621 1224 2682 coniecturae
1255 2617 1400 2682 debetur:
1436 2617 1500 2680 Αν.
1539 2619 1577 2680 76

299 2729 351 2794 ὅτε
376 2731 432 2808 μέν
457 2731 514 2811 ἐρᾷ
542 2732 658 2808 φαγεῖν
696 2727 813 2806 ἀφύας,
829 2728 985 2806 -τρέχιιι
1009 2722 1049 2789 'u’
1075 2727 1192 2804 ἀφύαςε
1229 2725 1305 2790 libri
1339 2725 1461 2788 habent
1495 2726 1576 2789 ποτέ.

299 2834 384 2917 Quid
408 2837 504 2899 fuerit
527 2853 654 2911 causae,
680 2838 715 2896 ut
736 2835 894 2897 librorum
929 2834 1038 2913 lentio,
1074 2833 1163 2894 nullo
1187 2833 1326 2914 nomine
1349 2833 1582 2914 vituperanda„

297 2948 484 3019 mutaretur,
511 2942 664 3022 equidem
687 2961 752 3003 non
776 2941 883 3004 video:
909 2961 985 3004 nam
1010 2939 1157 3003 eondieio
1176 2941 1230 3001 hie
1247 2941 1405 3002 sententia
1420 2942 1577 3020 primaria

298 3070 448 3134 expressa
472 3055 529 3128 est,
556 3048 642 3130 quod
666 3044 747 3110 nihil
772 3049 957 3112 offensionis
974 3050 1084 3110 habet:
1102 3046 1178 3109 uide
1195 3066 1280 3128 quae
1296 3047 1472 3128 disputavit·
1489 3046 1576 3108 Ake-

295 3160 367 3220 nius
391 3158 407 3240 6
435 3159 508 3240 209.
533 3155 578 3218 At
600 3156 766 3218 Meinekei
783 3157 968 3219 coniectura
984 3159 1015 3217 et
1031 3173 1100 3216 rem
1120 3153 1294 3216 admodum
1313 3173 1431 3230 raram,
1447 3158 1483 3214 ut
1499 3151 1575 3228 dixi,

295 3266 428 3342 invehit,
447 3241 486 3326 et
511 3267 551 3327 ab
575 3265 617 3325 iis
642 3283 726 3344 quae
751 3268 927 3343 sequuntur
953 3262 1124 3341 discrepet:
1152 3263 1263 3336 ἔτνους
1280 3260 1306 3323 δ’
1323 3262 1463 3350 έπιβιιμεῖ
1480 3264 1529 3324 δεῖ
1543 3278 1585 3350 τε,

294 3372 432 3448 τορύνης
457 3373 507 3434 καὶ
531 3371 658 3450 χύτρας,
683 3372 784 3450 τρέχω
809 3368 850 3433 ’πὶ
875 3371 1022 3447 τορύνην
1048 3389 1123 3430 nanu
1148 3370 1175 3430 si
1198 3367 1254 3430 Ar.
1279 3370 1322 3431 ibi
1350 3367 1404 3430 ὅτε
1430 3368 1485 3445 μέν
1499 3369 1574 3430 seri·

294 3476 415 3559 psisset,
441 3480 509 3541 sine
534 3479 633 3541 dubio
659 3479 712 3539 hio
739 3496 867 3557 quoque
892 3477 945 3540 ὅτε
971 3476 1005 3539 δέ
1029 3478 1196 3558 posuisset
1216 3477 1266 3536 sin
1283 3481 1391 3537 etitem
1408 3476 1461 3536 hie
1479 3495 1570 3556 pera·

295 3587 362 3646 taxi
385 3605 460 3647 usus
485 3591 540 3662 est,
565 3606 629 3648 non
655 3586 750 3648 debet
775 3585 928 3663 uluhiteri,
954 3585 1033 3664 quin
1056 3586 1103 3648 ibi
1128 3603 1257 3664 quoque
1282 3583 1394 3644 eadem
1421 3584 1503 3644 ratio
1530 3583 1572 3644 lo·

294 3693 413 3772 quendi
438 3695 651 3774 praeferenda
674 3695 724 3755 sit.

634 3890 869 3951 Praesens
908 3888 1230 3950 ooniunetivi

336 4052 375 4114 Ιιι
398 4051 529 4129 (modost
553 4052 745 4132 plerumque
769 4051 886 4132 legitur
908 4070 1060 4128 μινιοιινικ
1083 4050 1150 4113 ind.
1190 4048 1267 4131 (quo
1303 4050 1405 4111 resero
1441 4054 1571 4133 propter

292 4159 561 4242 significationem
575 4159 718 4238 perfeeto
733 4159 850 4235 ἕστηκα
865 4163 897 4220 et
911 4159 1128 4240 κέχηνα)-23
1145 4158 1234 4220 loeis:
1249 4157 1288 4220 A.
1305 4160 1355 4219 99.
1370 4159 1471 4220 1199.
1498 4160 1569 4219 764.

291 4267 331 4330 N.
358 4271 432 4330 691.
459 4270 531 4330 620.
556 4268 596 4329 V.
624 4269 697 4330 253.
721 4268 794 4329 263.
819 4268 856 4328 Ρ.
885 4266 1359 4329 129.669.1169.1166.Αν.
1382 4269 1454 4329 521.
1477 4267 1569 4328 1095.

292 4377 324 4436 t.
350 4378 425 4436 494.
457 4378 548 4438 1193.
573 4375 632 4436 Th.
663 4376 734 4436 153.
759 4377 833 4437 493.
859 4375 899 4436 R.
927 4375 999 4438 753.
1024 4375 1080 4436 Eo.
1107 4375 1180 4437 369.
1213 4375 1287 4436 16].
1313 4375 1362 4436 Pl.
1390 4376 1462 4456 246.
1497 4375 1567 4438 567.

289 4481 341 4543 Fr.
367 4484 443 4559 466,
468 4485 499 4545 4.
523 4482 648 4544 Eodem
673 4483 834 4562 pertinent
867 4487 884 4545 3
921 4483 995 4559 toei,
1032 4482 1087 4545 ubi
1118 4481 1344 4564 praedicatum
1368 4483 1567 4545 substantivo

289 4588 343 4652 vel
367 4589 530 4654 adieetivo
556 4590 746 4667 continetur,
780 4590 897 4672 copule
932 4590 1021 4654 ἐστΐν
1058 4589 1184 4652 omissa:
1221 4587 1256 4649 L.
1295 4591 1369 4651 560.
1401 4587 1462 4651 Th.
1492 4588 1567 4650 946.
