3466 5406
674 469 852 529 ..19-

25 663 26 666 =
127 628 191 692 duo
216 631 394 712 participia
418 630 532 708 φαγών
557 633 589 690 et
612 627 715 692 ἐλθών
739 627 795 688 uni
820 627 919 688 verbo
956 627 1174 708 ἀναθαρρήσει
1208 634 1407 710 subiecisset,

131 757 191 800 non
214 737 284 800 solo
300 739 360 814 καί,
379 735 435 798 sed
451 736 637 817 compositis
649 737 683 798 τέ
695 769 739 780 -
753 733 807 797 roi
820 733 883 796 duo
896 735 1042 798 membra
1056 737 1239 800 iuncturum
1252 739 1358 818 luisse,
1372 747 1409 804 ut

131 853 208 906 essct
231 847 284 908 καὶ
307 843 399 923 χῖδρὰ
434 863 479 906 τε
514 864 549 921 φ.
575 842 625 906 ἀν.
662 843 737 904 καὶ
771 856 822 904 στ.
846 841 890 918 εἰς
925 845 953 905 1.
978 843 1014 920 ἐ.;
1038 842 1138 924 idque
1164 865 1201 908 eo
1226 848 1329 929 magis
1353 849 1407 911 bio

131 951 342 1014 necessarium
366 950 447 1012 mihi
470 948 609 1024 videtur,
627 947 715 1028 quod
732 965 805 1009 cum
820 947 997 1028 participia
1013 949 1072 1011 illa
1088 970 1222 1014 caesura
1247 953 1408 1018 disiuncta

131 1060 197 1136 sint,
221 1057 404 1140 periculum
428 1062 476 1120 est
497 1075 538 1119 ne
562 1056 634 1136 quis
659 1055 797 1117 alterum
820 1055 1001 1118 membrum
1018 1075 1091 1119 oum
1107 1067 1261 1139 sequente
1284 1063 1408 1137 γνώσε·

131 1187 173 1228 ται
186 1167 373 1247 coniungat.
386 1163 626 1227 Particularum
639 1169 748 1224 autem
761 1164 794 1225 τέ
806 1197 850 1208 -
863 1163 913 1225 καί
930 1164 1164 1227 coniunctionis
1180 1187 1284 1244 usum,
1302 1170 1335 1231 in
1353 1170 1409 1232 tri·

130 1273 236 1336 metris
259 1272 411 1335 iambicis
435 1269 610 1333 admodum
633 1289 752 1342 rarum,
772 1269 806 1330 in
823 1270 937 1331 ceteris
953 1271 1063 1333 metris
1081 1291 1148 1334 esse
1165 1275 1408 1352 creberrimum,

131 1389 240 1446 auctor
264 1388 312 1446 est
334 1382 549 1464 Bambergius
574 1380 686 1463 (1865,
710 1399 742 1462 p.
770 1380 835 1462 17).
861 1377 957 1460 Quod
981 1389 1089 1445 autem
1106 1379 1310 1465 Hirsoingius
1333 1405 1409 1448 con·

131 1492 315 1553 cinnitatem
341 1492 583 1564 commemorat,
608 1507 684 1550 sane
707 1488 770 1549 hoo
795 1491 877 1549 esset
901 1486 1038 1549 alicuius
1058 1491 1224 1565 momenti,
1240 1491 1268 1552 si
1284 1490 1324 1553 de
1340 1491 1409 1554 Iso-

130 1605 214 1660 crate
239 1598 348 1659 aliove
372 1601 501 1659 oratore
525 1599 684 1677 ageretur:
710 1599 744 1655 at
767 1594 800 1654 in
816 1593 945 1675 vulgari
959 1614 1105 1657 sermone
1123 1595 1282 1660 eiusmodi
1298 1598 1408 1661 incon·

131 1709 297 1770 cinnitates
321 1725 427 1768 nonne
449 1707 513 1786 ipsi
537 1704 726 1786 saepissime
751 1701 967 1765 admittimus?
985 1703 1049 1767 Sed
1068 1706 1096 1767 si
1113 1705 1190 1786 quid
1206 1707 1407 1786 mutandum,

130 1816 233 1896 potius
258 1815 284 1878 εἰ
307 1815 341 1875 in
365 1815 405 1891 ἤν
428 1810 617 1874 mutandum
644 1811 866 1887 concesserim3
891 1810 948 1873 sed
972 1811 1005 1872 in
1031 1814 1215 1894 anapaestis
1231 1815 1409 1878 coniuncti·

131 1943 202 1984 rum
226 1923 296 1985 sine
319 1923 359 1986 ἄν
385 1920 450 1983 dioi
472 1938 566 2002 posse
590 1925 626 1980 ut
649 1916 790 1994 credam,
814 1923 925 1979 movet
948 1937 1000 1980 me
1016 1938 1097 1980 unus
1120 1920 1221 1998 locus,
1245 1919 1326 1984 nulli
1350 1923 1409 1986 du·

133 2030 279 2092 bitationi
303 2028 471 2092 obnoxius:
507 2025 565 2089 Ec.
602 2025 666 2086 681
693 2023 864 2107 ὅτῳ-τὸ
889 2024 1016 2102 γράμμα
1040 2027 1081 2103 μή
1107 2025 1284 2107 ’ξελκυσ9ῇ.
1314 2027 1407 2110 Quae

134 2155 200 2196 cum
238 2136 286 2197 ita
324 2135 397 2211 sint,
436 2133 571 2215 vulgata
610 2131 707 2193 lectio
747 2150 812 2193 non
850 2129 1057 2194 sollicitanda
1095 2133 1178 2195 mihi
1210 2134 1408 2198 videtur.-

135 2239 289 2318 Ceterum,
314 2243 450 2304 sirecte
475 2237 736 2304 Gildcrsleeveus
772 2234 841 2319 (On
865 2238 891 2301 εἰ
914 2239 996 2300 with
1021 2240 1075 2300 the
1098 2237 1219 2302 Future
1251 2241 1321 2306 Iud.
1347 2249 1407 2308 etc.

137 2367 166 2428 p.
187 2350 218 2428 4)
242 2349 443 2424 observavit,
470 2346 557 2428 apud
580 2351 694 2428 poetas
718 2345 845 2407 Atticos
881 2344 906 2408 εἰ
941 2364 1013 2406 oum
1050 2346 1132 2408 coni.
1169 2347 1409 2430 significatione

141 2455 284 2520 accedere
308 2455 351 2517 ad
375 2455 400 2519 εἰ
425 2475 497 2517 cum
521 2454 627 2516 tuturo
652 2453 731 2530 ind,
755 2452 790 2515 id
812 2453 847 2514 in
869 2453 954 2513 huno
980 2471 1110 2533 quoque
1126 2453 1234 2518 locum
1259 2457 1407 2537 quadrat:

140 2579 204 2623 nam
224 2563 278 2626 hie
303 2562 464 2624 isiciarius
488 2559 604 2626 Oleoni
626 2561 710 2621 iram
732 2559 848 2641 populi
870 2559 1048 2635 minitatur,
1084 2561 1117 2622 in
1145 2562 1326 2627 minitando
1352 2586 1409 2629 au-

138 2677 201 2746 tem,
224 2677 261 2732 ut
284 2669 368 2731 inira
392 2668 570 2743 ostendam,
594 2685 692 2747 saepe
717 2667 742 2730 εἰ
767 2685 839 2728 cum
863 2667 920 2728 tut.
945 2671 1127 2748 usmpatur.

172 2773 296 2858 Itaque,
321 2779 357 2837 ut
380 2776 446 2837 iam
471 2774 510 2837 de
533 2776 595 2835 hac
624 2791 659 2835 re
696 2771 774 2854 quid
809 2773 946 2835 sentiam
970 2792 1141 2855 exponam,
1167 2777 1409 2843 coniunctivum

129 2883 195 2946 sine
218 2883 258 2948 ἄν
282 2885 315 2946 in
341 2883 515 2945 enuntiatis
539 2879 818 2944 condicionalibus
842 2879 999 2961 (itemque
1018 2881 1052 2942 in
1079 2884 1311 2964 temporalibus
1336 2907 1409 2949 oum

131 2991 199 3066 noir
219 2989 384 3072 particula
408 2993 440 3050 et
461 2987 618 3062 relativis,
644 2991 680 3047 ut
703 2985 787 3047 intra
810 2985 992 3066 ostendam)
1025 2987 1238 3072 Aristophani
1270 2992 1408 3074 aliisque

124 3096 319 3162 comoediae
342 3096 562 3177 scriptoribus,
587 3095 644 3157 ubi
667 3112 757 3156 mera
780 3094 1033 3174 incorruptaque
1061 3095 1201 3159 dialecto
1225 3098 1337 3162 Attica
1360 3102 1410 3183 (ut

130 3204 161 3264 in
184 3203 350 3284 trimetris)
373 3205 514 3277 utantur,
537 3205 668 3282 prorsus
692 3198 947 3262 abiudioandum
971 3219 1040 3263 esse
1064 3202 1223 3281 existimo;
1248 3205 1303 3269 ubi
1328 3226 1408 3272 vero

123 3311 225 3374 altius
247 3331 348 3394 genus
372 3309 535 3373 scribendi
559 3308 733 3371 admittant
756 3308 805 3386 (ut
828 3307 862 3368 in
886 3309 1070 3389 anapaestis
1107 3315 1138 3372 et
1172 3311 1283 3392 lyricis
1307 3317 1410 3396 parti·

130 3419 212 3502 bus),
236 3419 327 3480 illam
351 3421 546 3479 structuram
570 3436 634 3478 non
657 3434 725 3478 esse
749 3415 869 3494 ubique
899 3419 1019 3477 temere
1044 3415 1272 3497 damnandam,
1296 3429 1333 3485 ut
1355 3424 1409 3488 bio

129 3524 181 3588 vel
205 3526 239 3586 in
262 3521 388 3588 Cratini
411 3523 448 3584 sr.
474 3523 525 3583 28.
553 3523 604 3598 29,
631 3539 714 3602 quae
738 3539 836 3601 supra
861 3520 955 3583 attuli
972 3521 997 3583 *.

172 3629 224 3695 De
248 3630 487 3711 sipiitficrrtiotre
523 3634 551 3692 et
585 3648 655 3690 oso.
672 3629 704 3666 ²¹¹*
739 3627 976 3691 Sententiarum
1013 3629 1298 3712 condicionalium,
1324 3657 1408 3718 quae

163 3808 345 3866 *Particula
364 3810 399 3860 ov
418 3805 495 3875 apud
514 3807 723 3862 coniunctirum
748 3805 776 3860 in
796 3804 854 3862 illis
879 3807 1032 3862 enuntiatis
1061 3809 1167 3864 similes
1195 3817 1294 3880 partes
1323 3807 1409 3882 a'gcre

126 3897 196 3952 milri
215 3897 327 3954 videtur
348 3905 433 3964 atque
454 3902 636 3962 augmentum
655 3895 684 3948 in
703 3894 803 3950 formis
822 3895 984 3950 verbalibus
1010 3897 1159 3966 praeteriti
1178 3900 1323 3967 temporis:
1344 3915 1409 3956 nam

130 3993 160 4042 ut
179 3993 370 4056 augmentum,
389 3983 465 4054 quod
484 3984 513 4040 in
532 3986 625 4055 prisca
645 3985 743 4054 lingua
762 3983 1029 4055 ludo-Europaeica
1049 3985 1171 4042 nondum
1185 3989 1325 4044 coaluisse
1345 4006 1408 4044 cum

129 4077 190 4144 ipso
211 4077 296 4131 verbo
318 4075 420 4130 novicii
440 4073 484 4128 illi
504 4075 615 4142 docent,
636 4073 704 4128 olim
724 4074 840 4129 Homeri
860 4074 1037 4144 temporibus
1066 4083 1094 4130 et
1122 4077 1223 4132 abesse
1253 4083 1281 4132 et
1309 4077 1408 4135 adesse

129 4165 232 4236 potuit,
250 4165 314 4234 ipsa
334 4165 412 4219 verbi
432 4163 522 4220 torma
541 4165 728 4234 praeteritum
749 4167 859 4232 tempus
883 4163 1037 4230 indicante,
1067 4173 1167 4236 postea
1186 4171 1281 4222 autem
1300 4167 1330 4222 in
1349 4167 1409 4223 dia·

124 4255 203 4309 lecto
223 4253 321 4308 Attica
341 4269 396 4308 non
416 4253 472 4308 iam
493 4254 688 4322 omittebatur,
717 4252 758 4306 ita
779 4253 814 4304 dv
838 4253 983 4322 particula
1003 4270 1020 4308 a
1040 4256 1217 4312 coniunctim
1237 4256 1306 4311 olim
1324 4255 1408 4313 tuelle

129 4343 228 4400 abesse
248 4341 354 4412 potuit,
373 4350 474 4410 poster
493 4341 570 4410 apud
588 4342 702 4396 Atticos
720 4341 883 4398 necessaria
903 4342 980 4398 iacta
1000 4353 1052 4398 cst.

163 4434 192 4466 ⁸⁸
212 4431 312 4488 Obiter
332 4447 431 4488 moneo
452 4433 608 4488 sententias
630 4431 840 4487 condicionales
860 4431 1001 4488 interdum
1030 4434 1158 4502 proximo
1181 4433 1218 4489 ad
1237 4435 1409 4506 temporales

124 4519 278 4590 accedere,
299 4527 329 4574 ut
349 4519 382 4574 b'.
401 4523 463 4576 992.
484 4525 561 4576 1117.
583 4522 660 4574 1128.
682 4521 714 4574 V.
735 4523 796 4576 771.
817 4521 879 4576 773.
900 4524 952 4576 Ar.
971 4524 1031 4576 561.
1049 4525 1125 4594 1113,
1139 4539 1201 4578 eum
1216 4523 1238 4578 is
1254 4524 1302 4594 qui
1318 4526 1410 4596 loqui·

128 4617 176 4665 tur
195 4615 275 4667 certo
295 4609 358 4670 scit,
378 4607 405 4663 id
427 4607 459 4665 de
480 4625 536 4678 quo
557 4609 683 4678 loquitur
702 4607 831 4666 futurum
852 4623 922 4666 esse.

1270 4723 1302 4776 2*
