3446 5396
695 455 898 516 -135-

219 767 251 774 ,,
319 701 636 772 Praesenset
675 701 892 772 norisius
931 697 1253 762 coniunctivi.

197 881 235 942 In
274 878 406 958 οροάοπί
441 883 488 941 est
513 879 614 942 alteru
639 878 711 940 loen
730 895 886 956 praesens
910 875 978 939 ιίιιί.
1002 873 1041 937 V.
1069 877 1142 953 606,
1168 873 1271 938 altero
1296 870 1337 938 N.
1363 875 1427 937 618

156 985 334 1069 infinitivus
353 1005 462 1065 praes.
486 1005 545 1067 pro
570 985 750 1048 indicativo
775 987 808 1051 in
833 1005 878 1048 or.
905 984 968 1054 obl.
993 984 1127 1066 positus.

195 1091 250 1184 N,¹
276 1094 338 1154 618
365 1090 434 1173 (tr.)
458 1093 597 1156 ἀπειλεῖν
632 1107 734 1170 φησιν
772 1089 851 1186 αὐτῇ
876 1092 952 1168 τοὺς
976 1091 1073 1168 θεοὺς
1095 1089 1258 1163 ἑκάστοτε,
1284 1085 1364 1166 ἡνίκ’
1389 1087 1429 1152 ἂν

152 1203 323 1292 ψευσθῶσι
348 1201 476 1263 δείπνου
501 1199 657 1262 κάπίωσιν
681 1198 801 1262 οἴκαδε.
924 1267 927 1276 ,

191 1305 236 1396 δί’.
262 1307 325 1369 606
352 1301 434 1392 (an.)
459 1305 477 1368 ὃ
504 1307 538 1368 δέ
562 1301 593 1380 γ’
614 1303 1017 1382 ἥδιστόν-ἑστιν-ὅταν
1052 1301 1153 1366 οἴκαδ’
1189 1301 1368 1384 ίω,-κᾴτά
1392 1323 1428 1380 με

150 1395 268 1491 ι’τάντες
292 1414 504 1487 ἀσπάζωνται,
532 1411 644 1489 καί-ἡ
684 1413 822 1490 θυγάτηρ
862 1431 898 1490 με
921 1411 1051 1494 ἀπονίζῃ
1076 1411 1127 1473 καὶ
1149 1411 1195 1473 τὼ
1218 1408 1289 1473 πόδ’
1313 1407 1426 1491 ἀλείφῃ

151 1521 325 1602 καὶ-φιλῇ
351 1540 387 1597 με
412 1519 543 1582 καί-τὸ
567 1521 744 1598 τριώβολον
768 1519 990 1596 ἐκκαλαμᾶται,
1016 1519 1065 1581 καί
1088 1517 1125 1581 τὸ
1148 1516 1429 1593 γύναιον-μᾶζαν

150 1630 352 1710 προσενέγκῃ
377 1627 732 1709 καὶ-προσαναγκάζῃ.
756 1625 795 1687 In
818 1627 869 1688 his
894 1632 968 1710 φιλῇ
987 1645 1023 1704 με
1036 1623 1318 1688 Richterusseribi
1338 1623 1429 1686 iubet

150 1715 209 1815 pro
243 1735 363 1817 φιλήσῃ
401 1733 558 1810 endienm,
598 1735 634 1796 τὸ
661 1739 734 1795 ente
758 1736 935 1813 τριώβολον
956 1733 1091 1796 inseruit
1113 1731 1247 1794 Florens
1272 1730 1429 1796 Christia-

150 1851 220 1906 irns.
242 1839 350 1922 Atque
374 1843 436 1904 hue
462 1841 592 1922 quidem
618 1841 760 1904 dubitari
784 1862 848 1903 nnn
871 1846 977 1924 potest
1003 1843 1080 1924 quin
1104 1861 1215 1904 verum
1241 1844 1291 1919 sit;
1326 1841 1427 1902 Rish-

152 1949 210 2038 teri
240 1957 348 2014 antem
374 1951 560 2012 eunieetnra
584 1951 669 2011 bona
694 1953 751 2026 est,
776 1949 920 2014 sednon
943 1951 1136 2018 necessaria,

471 2145 748 2208 Perfectum
788 2146 1115 2208 euninnetivi.

198 2325 232 2388 lu
257 2325 390 2406 ιῃιωίυκί
414 2324 515 2388 alteru
540 2325 612 2386 luen
635 2343 787 2401 ριτιωωω
813 2323 879 2393 iant,
905 2344 1091 2406 expressum
1116 2329 1172 2401 est,
1202 2325 1304 2386 attere
1330 2324 1426 2386 exiis

162 2449 235 2512 ῃωιο
258 2431 471 2514 praecedunt.
483 2431 691 2514 intellegitur.

194 2540 229 2606 L.
255 2544 318 2604 567
346 2540 425 2623 (an.)
452 2542 561 2617 ιίισπερ
586 2544 757 2624 κλωστῆρα
783 2539 840 2621 (se.
865 2538 1065 2622 διαλύομεν),
1091 2538 1234 2621 ὅταν-ῃ
1272 2559 1428 2615 τεταραγ-

154 2629 260 2726 μένος.

194 2753 235 2814 R.
261 2754 324 2816 812
352 2751 430 2816 ὅταν
453 2752 482 2830 γ’
507 2752 537 2816 ei
559 2753 712 2818 δεσπόται
736 2753 979 2828 ἐσπουδάκωσι,
1003 2749 1157 2830 κλαύμαθ’
1175 2749 1250 2830 ἡμῖν
1278 2752 1427 2830 γίγνεται.

216 2979 260 3034 IL
280 2977 473 3036 Enuntiate
494 2979 714 3048 temporalia,
734 2991 823 3046 qnae
842 2979 1058 3047 sparticum
1077 2980 1158 3036 dum
1179 2981 1362 3036 ducuntur.

194 3128 245 3188 Ex
267 3127 447 3207 partientis,
473 3127 546 3188 ιίιωι
572 3129 837 3209 significantibus,
871 3127 928 3191 Ar.
954 3127 1023 3190 sula
1059 3126 1121 3204 ἕως
1156 3127 1196 3191 ἄν
1226 3129 1326 3189 utitur
1352 3125 1426 3208 (nisi

152 3234 238 3314 ῃιιοιί
262 3235 362 3296 semel
385 3233 421 3297 L.
451 3238 510 3297 173
537 3237 569 3296 in
593 3255 739 3298 sermone
762 3235 933 3299 Lacaenae
958 3235 995 3313 ἀς
1021 3258 1060 3298 κα
1083 3233 1245 3318 legimus).
1274 3233 1320 3297 Ut
1343 3234 1428 3296 indi'·

152 3344 271 3418 retivn,
297 3343 343 3404 ite
368 3343 574 3405 (mniunetivn
599 3345 719 3421 innetn,
757 3343 879 3426 duplici
919 3363 1011 3405 sensu
1049 3347 1232 3424 usurpetur:
1272 3364 1347 3405 nem
1373 3347 1424 3404 aut

152 3449 304 3526 ῃιιπιιιτίίιι
341 3449 453 3532 (ποκα)
485 3452 676 3530 vulserunt
713 3451 816 3531 ῃιωωί
851 3451 951 3533 (ποκα
986 3449 1048 3530 ιω).
1084 3447 1160 3530 Ipsa
1197 3457 1304 3513 antem
1329 3470 1427 3512 emm·

153 3558 242 3632 tiata,
269 3561 305 3618 ut
329 3559 395 3620 alie
417 3559 548 3637 similia,
573 3563 629 3621 ant
653 3560 693 3622 ad
717 3561 858 3622 futurum
881 3559 1053 3641 pertinent,
1082 3562 1138 3619 eut
1161 3564 1232 3620 sunt
1250 3558 1426 3640 generalia.

152 3661 330 3727 Ordiamur
353 3666 451 3747 igitur
475 3668 515 3729 ab
540 3666 590 3744 iis,
615 3667 788 3747 inquibus
812 3667 973 3748 particula
999 3665 1088 3729 velet
1111 3667 1275 3744 ῃιιιιιιιιίίιι.

294 3862 564 3941 Enuntietn,
603 3863 681 3928 nbi
719 3865 844 3942 ἓωςᾶν
879 3866 1012 3928 velet
1048 3863 1281 3946 quamdin.

193 4045 265 4108 Hae
290 4045 528 4108 enuntiationes
551 4064 683 4108 numero
708 4052 778 4108 sunt
805 4048 833 4121 θ,
860 4065 969 4108 omnes
993 4046 1036 4109 ed
1058 4047 1198 4110 futurum
1219 4047 1426 4127 pertinentes.

194 4153 232 4216 In
244 4152 369 4230 protasi
387 4170 496 4216 omnes
513 4151 585 4232 (nee
600 4154 684 4216 enim
700 4153 795 4217 aliter
807 4153 877 4218 fieri
892 4153 1012 4236 petest)
1028 4173 1178 4233 ριτιωιωκ
1195 4155 1278 4216 enni.
1295 4153 1425 4218 hebent.

194 4259 232 4324 In
256 4259 388 4340 οροιίοεί
403 4261 555 4342 ficturum
580 4261 685 4342 ipsum
709 4280 868 4342 nusquam
903 4262 1048 4343 legimns,
1073 4262 1130 4325 sed
1155 4265 1172 4326 2
1198 4262 1278 4324 lueis
1301 4260 1427 4326 intelie-

152 4368 237 4447 gitur
261 4363 322 4447 (ite
346 4367 438 4428 utin
462 4366 596 4448 epodosi
632 4368 702 4432 sole
736 4371 866 4450 negatio
901 4370 1055 4452 maneat):
1091 4367 1131 4429 V.
1168 4369 1243 4433 486.
1278 4367 1314 4430 L.
1354 4370 1426 4432 173.

152 4471 264 4550 Porro,
291 4475 308 4534 2
333 4473 414 4536 loeis
438 4473 606 4556 apodnsim
630 4476 708 4538 feeit
731 4478 926 4561 infinitivus,
952 4478 994 4541 nd
1017 4479 1156 4540 futurum
1175 4479 1360 4559 respiciens,
1379 4475 1426 4538 ul·

154 4588 218 4642 tere
243 4580 314 4642 luen
339 4600 378 4642 ex
402 4581 487 4645 ὥστε
504 4602 614 4662 nexus,
633 4584 881 4650 alteru-verbu
900 4586 1082 4668 imperandi
1099 4588 1272 4651 subiectus:
1293 4588 1329 4650 Ε.
1349 4591 1423 4652 ert.
