3466 5406
597 1423 848 1500 CAPUT
898 1429 925 1499 Ι.

518 1635 558 1698 ite
581 1632 767 1714 temporibus
790 1634 871 1700 uerbi
896 1634 1011 1702 Graeci.

155 1830 359 1913 Temporum
383 1831 476 1894 verbi
500 1827 620 1894 Graeci
645 1828 709 1893 duo
733 1835 806 1892 sunt
840 1850 971 1912 genera,
1008 1851 1146 1913 quorum
1181 1835 1283 1899 altero
1320 1836 1402 1900 actio

113 1938 325 2022 significatur,
350 1937 453 2001 altero
476 1940 588 2015 statua
614 1939 670 2018 qui
706 1939 868 2001 actionem
902 1940 1033 2022 excipit.
1069 1941 1108 2003 In
1141 1944 1250 2023 priore
1285 1962 1402 2025 genere

116 2049 192 2110 item
218 2044 304 2108 duae
327 2046 451 2127 species
476 2044 724 2128 distinguendae
748 2050 830 2107 sunt:
858 2045 963 2108 altera
986 2048 1179 2129 simpliciter
1202 2050 1403 2130 significatur
1511 2085 1515 2093 ι

116 2153 241 2234 aliquid
264 2153 388 2215 lactum
412 2170 492 2230 csse,
516 2151 606 2214 nullo
629 2158 780 2233 respectu
803 2153 916 2216 habitu
941 2151 1175 2233 diuturnitatis,
1193 2156 1402 2240 alteraprae-

119 2259 243 2322 dicatur
268 2261 430 2322 actionem
454 2278 519 2321 non
541 2258 625 2321 nihil
649 2260 804 2340 temporis
830 2258 957 2323 durare.
982 2259 1036 2323 Ad
1059 2263 1150 2343 prius
1172 2282 1282 2345 genus,
1314 2265 1403 2346 quod

120 2367 338 2448 imperfectum
363 2365 610 2447 appellaverim,
633 2366 775 2447 pertinet
797 2384 962 2447 praesens,
987 2367 1224 2449 imperfectum,
1252 2371 1401 2446 acristus,

125 2473 254 2536 futurum
276 2471 425 2554 simplex,
463 2491 600 2552 quorum
636 2491 789 2554 praesens
823 2477 856 2535 et
890 2471 1115 2553 imperfectum
1151 2480 1224 2538 sunt
1256 2476 1401 2539 diutinae

125 2583 229 2662 specie,
257 2583 396 2646 aoristus
419 2581 655 2658 non-diutinae,
679 2581 823 2642 futurum
845 2582 986 2662 pertinet
1010 2581 1051 2644 ad
1081 2587 1262 2663 utramque.
1290 2583 1402 2646 Altero

118 2708 240 2769 genere,
267 2687 357 2770 qued
378 2689 557 2770 perlectum
583 2687 769 2770 appellaba,
795 2689 977 2750 continetur
999 2689 1188 2769 perfectum,
1212 2690 1401 2772 plusquam·

114 2798 303 2878 perfectum,
328 2797 470 2858 futurum
495 2799 655 2858 exactum.
680 2795 752 2858 Hoc
776 2813 878 2876 genus
901 2796 1025 2875 species
1048 2815 1114 2858 non
1131 2797 1241 2874 habet,
1258 2799 1326 2862 sive
1341 2818 1401 2881 pc·

113 2905 174 2967 tius
200 2909 304 2968 totum
329 2907 376 2966 est
402 2901 547 2964 diutinae
571 2902 689 2982 specie.
724 2899 820 2962 Hanc
848 2899 1042 2963 divisionem
1066 2902 1113 2964 ita
1138 2902 1320 2966 distinctius
1344 2905 1399 2968 de-

110 3029 309 3092 scripserim.

677 3236 801 3304 Tempus

665 3321 806 3378 praesens.

629 3410 1404 3437 ὓ-“““-“”“--”.ΞΕΞ..--ι----ι-ι---ι--ν’·-ἰ--“”-ι---..,...“-““““·”-“’“··-’.....

115 3435 134 3488 l.
154 3433 253 3488 Gerrtts
274 3433 475 3502 imperfectum.
846 3441 849 3566 ι

862 3271 893 3324 Τ.
913 3271 1111 3339 praeteritum.
1167 3272 1199 3325 T.
1218 3272 1353 3327 futurum.

164 3543 193 3611 l)
212 3539 327 3609 Species
347 3541 456 3596 diutina
462 3579 594 3595 ........
646 3543 786 3598 Praesens

161 3618 192 3682 2)
211 3612 328 3682 Species
346 3613 539 3667 nou-diutina.
646 3615 735 3670 deest.
907 3611 1039 3664 Acristus

871 3537 1078 3607 Imperfectum.
1156 3554 1166 3674 1
1185 3539 1326 3595 Futurum

1220 3613 1350 3682 simplex.

106 3775 143 3830 ll.
164 3773 260 3828 Genua
275 3775 443 3845 perfectum.

167 3887 194 3946 l)
212 3881 325 3950 Species
346 3882 456 3938 diutina
478 3922 592 3938 .......
619 3899 622 3999 i
644 3882 815 3936 Perfectum.
843 3865 846 3969 l
869 3882 1090 3954 Plusquamper·
1149 3879 1287 3932 Futurum
1308 3894 1355 3932 ex·

843 3972 845 3983 ·
903 3954 1017 4011 fectum.
1186 3961 1292 4006 actum.

166 4025 197 4088 2)
215 4023 326 4092 Species
346 4025 525 4081 non-diutina
547 4030 622 4092 ...l
745 3998 845 4103 del
922 4041 936 4080 e
1047 4044 1060 4081 s
1167 4031 1186 4076 t.

150 4189 284 4272 Species
308 4191 433 4272 generis
457 4191 639 4273 imperfecti
661 4211 720 4253 nos
761 4209 901 4270 (puroque,
935 4195 969 4252 ut
1009 4191 1066 4252 alii
1101 4190 1202 4264 Slavi,
1238 4187 1395 4248 habemus

111 4297 288 4378 eademque
312 4298 559 4379 significatione,
584 4317 649 4380 qua
678 4296 807 4375 Graeci,
824 4316 1026 4379 usu1·pamus;
1043 4316 1162 4380 genere
1179 4295 1322 4378 perfectu
1340 4312 1393 4356 ca·

107 4421 223 4478 remus;
249 4403 386 4484 quodsi
412 4406 595 4468 accuratius
620 4407 801 4487 exprimere
831 4403 990 4481 velumus,
1026 4404 1174 4486 pluribus
1204 4401 1338 4464 vocibus
1363 4413 1391 4464 et

105 4532 164 4594 per
188 4510 350 4576 ambitum
373 4512 549 4575 verborum
572 4515 741 4576 enuntiare
767 4512 914 4575 solemus.
939 4511 1052 4574 Veluti
1076 4515 1157 4575 ποιῶ
1174 4515 1222 4572 est
1238 4529 1257 4572 u
1272 4517 1392 4586 pisato,

103 4621 239 4684 εποίουν
265 4635 285 4679 a
307 4625 440 4700 macru,
465 4619 603 4696 ἐποίησα
627 4639 647 4680 a
661 4627 812 4694 castaus,
828 4618 956 4694 ποιήσω
974 4637 993 4678 a
1013 4615 1091 4698 syiy
1107 4623 1237 4694 patara,
1256 4623 1391 4690 egaram,

1272 4743 1282 4792 l
