3468 5390
711 423 911 484 -111-

206 579 259 642 Pl.
284 581 348 646 505
373 581 455 665 (an.)
479 581 599 648 ούκουν
622 580 703 647 εἷναί
726 581 818 662 φημ’,
842 581 869 646 εἰ
891 581 1010 648 παύσει
1033 583 1152 660 ταύτην
1176 583 1299 661 βλέψας
1322 583 1396 647 ποθ’
1427 581 1447 648 ὁ

160 687 323 766 Πλοῦτος,
347 686 436 767 ὁδόν,
460 687 558 768 ἥντιν’
582 689 640 753 ἰὼν
662 691 732 766 τοῖς
756 689 939 767 ἀνθρώποις
951 685 1044 764 ἀγάθ’
1062 689 1102 753 ἂν
1114 689 1208 767 μείζω
1226 689 1444 766 πορίσειενει·

161 795 322 875 optimam
345 795 435 858 viam
458 797 545 862 bone
568 796 755 860 hominibus
777 795 956 877 praebendi
977 795 1158 878 ingreditur
1173 795 1298 872 Plutus,
1315 797 1343 860 si
1359 797 1443 861 hane

160 900 347 982 perditurus
382 909 439 967 est.
473 903 526 966 De
563 904 664 968 variis
695 903 791 966 huius
823 903 889 966 loci
920 903 1116 968 lectionibus
1153 902 1231 966 vide
1271 903 1445 983 Bamberg.

164 1010 249 1072 1885
273 1027 306 1090 p.
331 1010 384 1072 21.

206 1115 238 1197 e)
264 1113 451 1179 Praemium
474 1117 553 1179 sacti
576 1117 778 1200 promittitur
800 1117 834 1178 in
857 1117 918 1180 his:

205 1219 247 1284 A.
273 1223 337 1288 564
363 1223 388 1286 εἰ
413 1225 516 1302 θενεῖς
538 1224 596 1288 τὸν
620 1223 721 1302 ἄνδρα
744 1226 871 1302 τοῦτον,
896 1222 994 1302 αὐτὸς
1018 1223 1163 1302 ἀρθήσει.

204 1329 244 1390 Ε.
270 1331 335 1394 837
361 1329 447 1412 (tetr.
462 1331 570 1414 iamb.
594 1330 696 1414 spnc.)
721 1328 873 1394 εἰ-ὧδ’
898 1330 1048 1408 ἐποίσεις,
1073 1329 1368 1409 μέγιστος-ἔσει.

203 1436 229 1518 l)
254 1435 390 1518 Reliqui
412 1437 479 1500 looi
501 1439 538 1502 hi
559 1444 643 1502 sunt:

204 1542 244 1605 Ε.
270 1545 334 1607 805
360 1543 441 1627 (an.)
466 1543 492 1608 εἰ
515 1545 551 1610 δέ
573 1543 643 1610 ποτ’
667 1543 712 1622 εἰς
735 1543 837 1622 ἀγρὸν
854 1543 950 1622 οὗτος
968 1542 1052 1627 (εδ
1069 1543 1183 1626 δῆμος)
1197 1544 1346 1609 ἀπελθὼν
1360 1541 1446 1620 εἰρη-

158 1651 253 1726 ναῖος
276 1650 442 1728 διατρίψει,
467 1651 518 1714 καὶ
540 1652 634 1729 χῖδρα
657 1651 775 1728 φαγὼν
790 1649 1009 1728 ἀναθαρρήσει
1026 1651 1078 1716 καὶ
1092 1649 1266 1734 στεμφύλῳ
1283 1647 1328 1725 είς
1343 1648 1445 1724 λόγον

158 1755 276 1834 ἐλθών,
309 1759 469 1833 γνώσεται
493 1758 574 1822 οἵων
598 1757 729 1834 ἀγαθῶν
752 1755 853 1822 αὐτὸν
875 1763 911 1840 τῇ
938 1761 1125 1840 μισθοφορᾷ
1146 1757 1360 1836 παρεκόπτου,
1386 1753 1444 1819 εἷθ’

159 1861 225 1938 ἥξει
250 1879 305 1927 σοι
328 1866 437 1943 δριμύς
462 1863 624 1942 ἄγροικος,
648 1867 728 1929 κατὰ
751 1867 814 1928 σού
839 1865 897 1936 τήν
921 1869 1036 1943 ψῆφον
1060 1865 1206 1944 ἰχνεύων,
1231 1863 1271 1926 de
1289 1882 1353 1944 quo
1369 1861 1443 1925 loco

159 1989 258 2052 supra
283 1970 351 2033 dixi
374 1991 407 2054 p.
435 1976 483 2035 λθ.
508 1971 572 2036 Sed
594 1973 622 2034 si
644 1973 669 2036 εἰ
694 1991 767 2034 cum
790 1973 897 2035 futuro
921 1974 1064 2054 genuine
1086 1972 1184 2034 lectio
1208 1977 1300 2048 esset,
1326 1990 1365 2033 eo
1389 1969 1444 2032 de·
1493 1993 1497 2004 ·

160 2077 247 2140 lendi
269 2083 389 2160 posset,
414 2078 503 2159 quod
525 2079 688 2142 isiciarius
712 2075 827 2142 Cleoni
850 2076 974 2140 malum
996 2079 1148 2141 minatur.

204 2185 246 2249 N.
272 2187 358 2250 1393
384 2185 473 2270 (lyr.)
498 2187 768 2262 εἰ-άναπείσει,
791 2188 829 2250 τὸ
854 2186 954 2263 δέρμα
977 2189 1042 2249 τῶν
1065 2181 1276 2264 γεραιτέρων
1294 2185 1444 2262 λάβοιμεν

167 2291 203 2354 ἀν
225 2293 295 2357 ἀλλ’
320 2293 390 2356 οὐδ’
415 2293 590 2372 ἐρεβίνθου,
616 2293 673 2372 qui
696 2292 787 2356 locus
803 2294 939 2355 fortasse
954 2294 996 2356 iis
1010 2292 1271 2355 annumerandus
1288 2295 1345 2369 est,
1363 2309 1443 2372 quos

168 2396 269 2461 littere
293 2398 312 2461 b
336 2400 500 2480 insignivi.

204 2503 243 2567 R.
269 2507 334 2569 594
358 2505 448 2588 (lyr.)
473 2507 765 2584 εἰ-παραληρῶν
789 2507 908 2570 ἁλώσει
931 2505 1100 2584 κάκβαλεῖς
1112 2528 1140 2570 τι
1153 2506 1327 2584 μαλθακόν,
1351 2503 1442 2581 αὖθις

165 2609 307 2688 αἴρεσθαί
331 2613 363 2677 o'
388 2613 508 2691 ἀνάγκη
534 2613 722 2678 ’σται-τὰ
756 2616 940 2692 στρώματα,
974 2614 1032 2677 ubi
1067 2612 1144 2677 libri
1177 2632 1237 2695 pro
1274 2611 1442 2691 κάκβαλεῖς

162 2721 321 2798 praebent
343 2723 395 2784 καὶ
420 2722 529 2801 βάλῃς,
555 2720 725 2803 κάκβάλῃς,
749 2721 801 2785 καὶ
824 2723 959 2800 βάλλεις,
982 2739 1043 2802 pro
1069 2717 1152 2785 ’σται
1175 2719 1206 2780 V
1230 2708 1288 2782 dat
1303 2719 1376 2796 ἀπ,
1391 2737 1442 2781 re-

158 2823 241 2907 liqui
265 2829 396 2890 omnino
422 2829 583 2892 omittunt.
608 2829 672 2890 Hic
695 2828 787 2891 locus
809 2829 946 2890 sortasse
969 2829 1010 2890 iis
1033 2828 1149 2890 similis
1165 2832 1222 2904 est,
1239 2826 1442 2908 quoslittera

158 2953 176 2993 u
202 2936 327 2996 notavi:
351 2955 428 2998 nem
451 2936 505 2997 hic
529 2953 670 3015 quoque,
694 2941 730 2997 ut
749 2935 807 3012 ibi,
821 2935 938 2998 chorus
953 2934 1255 2998 Xanthiaemelum
1267 2933 1440 3016 praedicit.

157 3038 221 3101 nisi
245 3040 333 3121 quod
355 3062 421 3105 non
444 3041 567 3104 infenso
593 3048 640 3104 est
664 3044 699 3103 in
723 3061 796 3104 curn
820 3043 940 3118 animo,
965 3042 1021 3104 scd
1044 3043 1217 3106 benevolo.

200 3147 260 3209 Ec.
295 3149 357 3210 162
382 3148 633 3225 ἐκκλησιάσουσ’
670 3149 719 3232 (ll.
753 3149 892 3232 ἐ·ῑουσ’)
929 3149 990 3213 οὐκ
1024 3149 1064 3214 ἂν
1098 3149 1363 3229 προβαίην,-εἰ
1398 3149 1439 3227 μή

159 3253 244 3319 ταῦτ’
270 3254 533 3334 ἀκριβωθήσεται.
561 3256 643 3318 1041
672 3256 698 3320 εἰ
720 3257 967 3333 καταστήσεσθε
996 3259 1114 3320 τοῦτον
1147 3259 1206 3320 τὸν
1239 3257 1351 3336 νόμον,
1382 3257 1442 3334 τήν

156 3363 217 3436 γῆν
233 3361 365 3425 ἅπασαν
382 3361 565 3426 Οἰδιπόδων
581 3363 769 3442 ἐμπλήσετε.
786 3360 852 3424 Hie
868 3362 1098 3443 quoquelocus
1112 3362 1154 3425 ad
1167 3362 1308 3426 breferri
1321 3367 1438 3445 potest.

201 3465 252 3560 Pl.
280 3468 375 3531 1064.
390 3467 472 3530 eiss
485 3469 634 3532 ἐκπλυνεῖ
656 3471 807 3546 τις-τὸ
829 3468 990 3547 ψιμύθιον,
1016 3467 1091 3546 ὄψει
1111 3470 1273 3546 sordonia
1285 3473 1343 3533 τοῦ
1359 3490 1439 3549 προ·

158 3575 273 3637 σύπου
298 3576 337 3638 τὰ
361 3574 453 3652 ράκη,
476 3575 535 3637 ubi
558 3575 707 3640 ὲκπλυνεῑ
730 3597 776 3653 τις
798 3575 1040 3639 Wakefieldius
1063 3577 1200 3639 coniecit
1232 3595 1293 3658 pro
1326 3577 1439 3642 ἐκπλυ-

159 3685 256 3746 νεῖται
280 3681 440 3745 codioum:
476 3701 554 3744 nam
588 3684 731 3745 futurum
766 3683 867 3746 medii
901 3686 1075 3746 verborum
1110 3683 1309 3765 liquidorum
1344 3705 1438 3748 sensu

158 3788 287 3868 passivo
311 3808 377 3850 non
399 3789 556 3852 usitatum
578 3790 676 3853 fuisse
700 3790 840 3853 videtur.
864 3790 950 3853 Vide
974 3791 1094 3874 Krueg.
1119 3810 1167 3872 gr.
1192 3792 1245 3868 39,
1272 3794 1323 3868 ll,
1352 3811 1437 3868 ann,

160 3893 215 3972 qui
239 3897 348 3958 tamen
369 3897 488 3957 mirum
512 3897 547 3958 in
569 3896 702 3959 modum
725 3899 788 3960 hoc
816 3898 954 3961 verbum
978 3899 1018 3960 iis
1041 3903 1242 3974 annumerat,
1283 3915 1367 3977 quae
1403 3899 1438 3960 in

159 4003 308 4079 -ιοῡμαι
332 4009 459 4066 exeunt.
483 4001 548 4066 Sed
570 4004 599 4066 si
621 4004 753 4068 Platoni
778 4001 878 4088 Gorg.
904 4008 965 4068 521
979 4005 1109 4068 Elicuit
1123 4005 1169 4066 ita
1183 4004 1292 4068 dicere
1312 4009 1437 4082 κρινοῦ-

158 4125 220 4182 μαι,
245 4106 323 4187 quid
349 4117 396 4171 est
415 4129 472 4172 our
495 4108 709 4192 Aristophani
734 4113 930 4177 ἐκπλυνεῖται
954 4132 1019 4175 non
1042 4113 1172 4174 licuisse
1195 4110 1360 4194 putemus?

476 4286 520 4348 Εἰ
560 4307 655 4350 oum
690 4291 851 4352 futuro
888 4293 1114 4373 optativi.

202 4423 377 4508 Optativus
398 4429 498 4491 futuri
521 4429 620 4495 semel
645 4431 765 4515 legitur
787 4453 846 4515 pro
878 4437 937 4498 fut.
972 4435 1152 4499 indicativo
1177 4439 1211 4500 in
1234 4438 1435 4504 condicione.

161 4532 248 4596 ouius
271 4535 433 4616 apodosis‚
457 4539 633 4620 participio
657 4542 796 4622 prolate,
823 4562 863 4606 ex
886 4545 1063 4624 praeterito
1100 4545 1171 4626 ipss
1205 4544 1333 4628 pendet.
1372 4545 1435 4628 Qui
