3446 5396
704 453 907 516 -1cc-

209 611 292 676 1458
316 609 403 690 (tetr.
427 610 541 693 iamb.)
565 615 719 689 ποιοῦμεν
741 611 829 676 ταῦθ’
852 611 1011 686 ἑκάστοθ’,
1029 609 1128 675 ὅντιν’
1143 611 1185 676 ἂν
1202 607 1440 688 γνῶμεν-ὄντ’

162 717 311 793 ἐραστήν.
335 713 374 778 ln
396 715 447 778 his
471 717 568 782 ὅντιν’
593 717 632 782 dv
654 717 818 782 Personas
842 717 981 782 coniecit
1003 733 1062 799 pro
1088 715 1169 781 ὅταν
1192 717 1271 793 τινά,
1288 716 1441 782 nimirum

161 829 197 888 ut
219 827 429 905 anapaestum
452 825 581 891 vitaret.
607 823 680 907 Qua
705 825 905 890 correctione
927 824 1010 887 mihi
1044 823 1127 886 nihil
1151 841 1232 906 opus
1256 841 1325 888 esse
1349 823 1441 888 vide-

159 935 219 996 tur:
243 951 320 996 uam
342 934 440 996 etiam
474 934 507 998 in
536 935 647 1016 quinto
670 934 755 1017 pede
779 935 973 1014 anapaestus
998 929 1194 1008 admittitur,
1217 933 1244 993 si
1266 931 1358 1013 prius
1382 949 1441 994 vo·

161 1038 312 1102 nabulum
336 1039 471 1104 elisione
494 1041 678 1105 breviatum
701 1047 749 1106 est
771 1058 877 1121 neque
900 1039 1117 1120 interpunctio
1141 1037 1324 1115 intercedit,
1349 1040 1440 1102 cuius

160 1146 208 1210 rei
229 1144 451 1210 Bemhardius
484 1165 517 1229 p.
542 1150 606 1212 279
639 1149 721 1212 haec
745 1149 809 1212 tria
832 1147 925 1212 affert
949 1145 1109 1227 exempla:
1134 1144 1170 1207 P.
1197 1147 1250 1209 31.
1274 1145 1338 1208 Av.
1363 1145 1439 1209 956.

159 1249 199 1316 N.
224 1255 299 1330 2³83
322 1253 377 1316 hic
401 1258 510 1318 autem
534 1256 697 1320 voeabula
722 1253 1174 1334 {reexcommunicetis
1196 1254 1283 1318 inter
1305 1271 1340 1316 se
1363 1272 1440 1318 cou-

159 1362 277 1438 ἰυιιοιιι,
312 1362 381 1426 sine
416 1363 507 1426 vocis
541 1365 731 1428 remissione
765 1363 854 1428 dieta
890 1382 959 1428 esse
995 1361 1173 1428 consimile
1197 1369 1256 1426 est.
1279 1360 1440 1426 Similiter

160 1467 320 1548 bisyllaba
357 1487 421 1532 vox
457 1470 491 1531 in
519 1473 537 1532 5
561 1470 646 1553 pede
669 1477 880 1552 anapaestum
904 1469 1067 1534 interdum
1091 1471 1209 1552 incipit
1230 1468 1439 1554 (Bernhardi.

158 1594 191 1657 p.
217 1575 306 1660 281).

202 1681 243 1744 V.
266 1684 329 1746 586
355 1681 434 1766 (οτι.)
460 1683 572 1762 ἔδομεν
595 1683 723 1762 ταύτην,
750 1683 840 1763 ὅστις
865 1685 904 1748 ἂν
928 1685 1227 1767 ἡμᾶς-ἀναπείσῃ.
1256 1688 1342 1750 1298
1366 1688 1439 1750 παῖ-

158 1793 351 1855 δα-καλεῑν
375 1793 505 1867 δίκαιον,
532 1789 622 1869 ὅστις
647 1792 687 1856 ἂν
709 1794 832 1870 πληγὰς
852 1793 945 1875 λάβῃ.

202 1898 240 1961 Ρ.
266 1901 307 1963 24
331 1897 369 1976 ὗς
391 1900 615 1977 μέν-ὥσπερ
650 1899 689 1965 ἂν
713 1901 791 1982 χέσῃ
817 1922 874 1978 τις,
897 1899 1031 1978 φαύλως
1056 1901 1177 1978 ἐρείδει·
1201 1904 1297 1965 τοῦτο
1322 1899 1351 1966 δ’
1376 1902 1438 1964 ὑπὸ

157 2007 365 2084 φρονήματος
401 2006 583 2085 βρενθύεται
615 2010 678 2070 κτλ.
718 2005 920 2088 Blaydesiua
960 2027 1076 2090 parum
1108 2010 1228 2072 usitato
1253 2011 1364 2087 ὥσπερ
1389 2007 1439 2086 ἄν,

158 2112 265 2188 credo,
291 2113 437 2190 offensus,
453 2131 513 2194 pro
538 2114 648 2192 ὥσπερ
673 2112 776 2194 edidit
802 2115 909 2193 ὅτιπερ
923 2121 953 2178 et
976 2134 1035 2197 pro
1049 2119 1144 2179 τοῦτο
1158 2117 1186 2179 δ’
1200 2152 1243 2164 -
1256 2115 1383 2180 τοῦθ’·ἐι
1400 2097 1440 2198 δ’,

158 2227 328 2301 utrumque
369 2219 465 2298 male,
511 2225 546 2282 ιιι
589 2219 670 2282 mihi
716 2221 848 2303 quidem
893 2222 1032 2286 videtur.
1068 2222 1153 2285 Nam
1189 2223 1301 2300 ὥσπερ
1336 2221 1438 2285 multo

163 2329 264 2410 aptius
288 2332 336 2391 est
359 2347 458 2408 quam
480 2325 598 2404 άτιπερε
623 2329 686 2389 hoc
710 2331 795 2390 enim
820 2331 986 2395 contendit
1009 2352 1131 2408 servus,
1149 2352 1238 2396 suem
1254 2332 1308 2397 vel
1325 2349 1438 2394 canem

161 2448 278 2500 stercus
307 2437 350 2498 ιἰιι
375 2435 483 2511 edere,
522 2442 554 2496 ιιι
579 2441 728 2500 cacatum
752 2437 792 2500 sit
816 2437 1010 2520 (eademque
1036 2443 1082 2502 est
1105 2435 1331 2502 vis'adverbii
1355 2429 1438 2517 ᾠαύ-

159 2546 248 2629 λως),
270 2545 483 2607 scarabaeum
508 2548 616 2606 autem
640 2545 702 2606 nisi
727 2546 838 2608 tritum
869 2547 1040 2612 comedere
1064 2546 1150 2610 nolle
1175 2544 1223 2632 (v.
1249 2547 1372 2610 scholia
1396 2545 1439 2609 ad
1501 2571 1503 2584 ·

157 2655 188 2718 ιι.
223 2653 271 2737 1.).
306 2651 458 2716 Alterum
492 2650 658 2732 Blaydesii
692 2652 791 2716 τοῦθ’·
822 2651 892 2717 ὁδ’
928 2673 966 2717 eo
1008 2654 1167 2736 displicet,
1192 2653 1280 2733 quod
1304 2653 1322 2715 ὁ
1346 2653 1381 2717 δέ
1404 2654 1439 2714 iu

157 2760 351 2845 opponendo
367 2779 484 2842 parum
497 2760 624 2824 firmum
641 2765 698 2824 est:
715 2761 799 2824 solet
814 2763 900 2826 enim
916 2761 1014 2840 οὗτος
1030 2764 1064 2826 δέ
1084 2761 1139 2824 vel
1162 2763 1284 2837 ἐκεῖνος
1308 2761 1344 2824 δέ
1357 2759 1437 2823 dici.

197 2870 233 2933 L.
271 2871 334 2933 596
368 2869 450 2951 (an.)
485 2870 546 2947 χᾶν
569 2869 687 2934 τούτου
712 2873 751 2948 μὴ
776 2871 959 2948 ’πιλάβηται
985 2870 1092 2946 οὐδεὶς
1116 2871 1216 2934 ἐθέλει
1239 2873 1335 2946 γῆμαι
1360 2867 1439 2932 ταύ-

155 3000 222 3057 την.
244 2978 337 3043 Libri
372 2977 441 3042 κάν.
464 2977 629 3042 Meinekci
652 2979 839 3042 coniectura
874 2983 908 3041 et
931 2981 1049 3042 crasim
1073 2978 1262 3040 inusitatam
1286 2975 1359 3058 (pro
1383 2978 1438 3040 καὶ

156 3089 175 3164 ἣ
200 3087 253 3170 ἄν)
278 3087 405 3152 invehit
426 3105 532 3166 neque
556 3087 740 3150 necessaria
763 3091 820 3150 est:
843 3105 920 3149 nam
959 3087 985 3148 si
1015 3089 1090 3167 post
1111 3084 1286 3148 relativam
1310 3087 1436 3149 senicu-

158 3195 237 3256 tiam
259 3195 295 3258 in
316 3193 474 3275 primaria
499 3198 531 3256 et
554 3193 652 3270 αὐτός
677 3199 710 3258 et
732 3192 830 3270 οὗτος
852 3193 932 3274 poni
955 3196 1063 3274 potest
1086 3191 1268 3273 (νάπυος.
1293 3193 1348 3265 51,
1373 3195 1437 3265 5,1;

157 3300 195 3362 ci.
221 3299 388 3380 Blaydesii
412 3317 485 3360 ann.
510 3297 553 3361 ad
577 3299 614 3361 P.
640 3300 680 3360 25
705 3301 739 3362 in
774 3297 932 3362 addendis
967 3317 1000 3380 p.
1037 3298 1127 3382 314),
1163 3297 1244 3378 quid
1275 3302 1327 3362 est
1350 3294 1438 3375 quod

155 3413 230 3492 post
252 3406 477 3471 condicionem
498 3407 596 3486 αὐτός
621 3406 686 3471 dici
709 3427 805 3490 posse
829 3406 1009 3471 concedant
1033 3407 1077 3489 (v.
1102 3406 1255 3487 Blaydes.
1273 3404 1364 3468 adh.
1387 3403 1434 3485 1.),

156 3517 254 3593 οὗτος
278 3534 344 3580 non
365 3512 459 3578 item?
482 3514 591 3594 Atque
614 3493 740 3596 similia*¹
762 3515 912 3597 exempla
948 3515 1034 3598 apud
1069 3515 1125 3578 Ar.
1162 3516 1244 3578 haee
1277 3512 1437 3578 invenisse

155 3624 238 3686 mihi
272 3621 396 3686 videor:
437 3621 476 3684 V.
518 3626 582 3686 583
621 3623 746 3688 κάν-ὁ
780 3624 884 3702 πατήρ
920 3645 964 3707 τιρ
1000 3628 1047 3706 δῷ
1083 3624 1281 3690 καταλείπων
1315 3641 1372 3684 πο
1387 3621 1439 3682 te’

156 3729 500 3810 έπίκληρον,-ἐδομεν
532 3731 714 3808 ταύτην.
738 3730 801 3794 Au.
829 3731 892 3796 793
917 3730 1146 3810 εἰνμοιχεύων
1168 3751 1214 3806 τις
1237 3730 1326 3806 ὑμῶν
1350 3729 1437 3790 ἐστιν

156 3839 245 3916 ὅστις
269 3840 422 3918 τυγχάνει,
440 3872 481 3884 -
500 3837 642 3915 οὗτος
681 3839 928 3904 ἂν-άνέπτετο.
964 3837 1079 3917 Neque
1103 3837 1201 3913 αὐτός
1224 3837 1273 3900 ite
1294 3834 1436 3918 positum

156 3945 243 4028 apud
267 3946 324 4008 Ar.
349 3945 457 4027 legere
480 3964 532 4008 me
555 3947 698 4027 memini,
723 3947 786 4008 nisi
809 3946 860 4009 bis
883 3966 946 4011 uuo
972 3946 1046 4008 loco
1071 3945 1131 4010 Th.
1157 3947 1233 4008 834.
1259 3948 1334 4008 838.

199 4053 259 4118 Th.
286 4057 349 4119 344
374 4056 485 4134 μοιχὸς
509 4055 537 4117 εἴ
559 4057 692 4133 τις-μὴ
718 4055 861 4130 δίδωσιν,
887 4056 925 4119 ἂν
944 4053 991 4136 (ll.
1018 4056 1037 4117 ἃ
1060 4054 1113 4138 ἂν)
1139 4054 1319 4132 ὑπόσχηταί
1347 4073 1436 4116 ποτε.

200 4162 257 4225 Ec.
293 4163 355 4225 138
392 4163 678 4240 τὰ-βουλεύματυ
714 4161 822 4225 αὐτῶν
856 4158 910 4224 δυ’
937 4162 976 4226 ἂν
1000 4162 1164 4238 πράξωσιν
1188 4161 1436 4239 ἐνθυμουμένοις

156 4272 267 4348 ὥσπερ
306 4270 488 4347 μεθυόντων
520 4269 589 4334 ἐστὶ
620 4269 921 4347 παραπεπληγμένα.
958 4269 1079 4330 Parum
1118 4272 1206 4330 recte
1230 4269 1312 4330 haec
1337 4265 1435 4348 vulgo

156 4379 419 4460 interpretantur,
452 4381 486 4439 υι
521 4378 602 4438 mihi
639 4375 780 4452 videtur,
817 4395 889 4438 cum
923 4377 1026 4440 verba
1064 4373 1118 4438 δυ’
1144 4375 1182 4440 ἂν
1206 4376 1369 4454 πράξωσιν
1394 4372 1437 4436 ad

156 4489 195 4550 τὰ
230 4485 430 4566 βουλεύματα
466 4481 617 4560 referunt,
653 4484 686 4545 in
709 4484 794 4547 hanc
818 4484 1019 4546 sententiam:
1048 4471 1198 4560 „decreta
1223 4463 1452 4562 quaecunque

156 4593 297 4656 iaciunt“
340 4591 522 4676 (Brunca),
566 4589 655 4669 „ihre
695 4590 897 4666 Besehliisse‚
936 4611 970 4652 so
1011 4591 1077 4654 viel
1101 4591 1148 4652 sie
1187 4590 1285 4653 deren
1308 4589 1432 4650 fassam
