3468 5390
900 436 1074 508 -607-

343 617 384 682 go
420 597 504 660 enim
542 600 667 677 putant,
693 595 934 658 coniunctivum
958 596 991 657 iu
1015 594 1205 658 condicione
1230 601 1298 659 tum
1322 595 1384 658 dici
1408 595 1521 670 solere,
1545 611 1611 654 cum

344 703 384 766 de
418 723 463 780 re,
499 719 584 782 quae
621 701 691 764 fieri
710 701 821 783 possit,
854 705 979 782 agatur.
999 697 1094 780 Quod
1118 701 1233 785 falsum
1258 719 1336 778 esse,
1362 697 1612 764 Gildersleeveus

316 811 469 875 'duobus
504 810 669 891 exemplis,
709 827 749 872 ex
782 807 939 891 Euripide
962 807 1108 892 sumptis,
1134 807 1354 872 demonstrare
1390 810 1533 881 conatur,
1563 800 1613 866 ubi

343 917 383 980 de
407 937 443 980 re
464 937 582 999 parum
605 916 745 979 naturali
770 916 885 998 agitur:
921 911 978 978 Or.
1009 915 1092 977 1593
1119 914 1187 978 ἀλλ’
1212 914 1280 980 οὔτι
1303 916 1433 994 χαίρων,
1456 913 1496 994 ἤν
1518 931 1553 986 γε
1575 910 1612 985 μὴ

342 1025 448 1108 φύγῃς
480 1025 609 1101 πτεροῖς
643 1028 676 1085 et
698 1022 821 1086 Phoen.
850 1021 934 1084 1216
960 1021 1001 1097 ἢν
1024 1021 1064 1098 μή
1090 1040 1126 1096 γε
1149 1019 1281 1100 φεύγων
1305 1018 1447 1103 ἐκφύγῃς
1468 1015 1550 1095 πρὸς
1572 1011 1614 1076 αἰ-

342 1132 430 1210 θέρα.
468 1130 629 1206 Profecto,
668 1129 782 1192 velare
821 1133 869 1192 est
893 1132 1006 1191 contra
1029 1126 1168 1190 hominis
1190 1130 1350 1189 naturam:
1375 1125 1432 1189 sed
1457 1120 1613 1206 quidhoc

343 1238 384 1301 ad
408 1235 670 1320 grammaticam?
694 1237 782 1299 cuius
805 1236 937 1299 minime
959 1237 1102 1316 interest,
1126 1235 1269 1318 possitne
1298 1235 1361 1297 hoc
1392 1232 1522 1314 reipsa
1551 1225 1615 1289 fieri

340 1362 452 1422 necne3
475 1344 557 1408 illud
579 1345 721 1422 interest,
746 1342 910 1426 quomodo
933 1344 961 1406 is
986 1343 1041 1423 qui
1060 1340 1208 1424 loquitur
1230 1360 1300 1408 rem
1323 1341 1446 1405 efferat:
1469 1355 1545 1401 nam
1561 1333 1614 1396 eti-

342 1473 394 1516 am
429 1452 495 1515 tale
529 1450 617 1533 quid,
653 1449 739 1533 quod
773 1469 888 1533 reapse
922 1453 1060 1514 naturae
1086 1453 1255 1532 repugnet,
1278 1451 1325 1512 ita
1347 1452 1455 1531 potest
1479 1440 1615 1518 tractari,

341 1561 434 1640 quasi
458 1559 541 1622 effici
563 1558 674 1640 possit,
697 1555 729 1619 id
756 1556 843 1637 quod
865 1556 899 1618 iu
921 1554 994 1619 illos
1019 1573 1149 1637 quoque
1171 1554 1263 1620 locos
1284 1555 1380 1618 cadit:
1405 1553 1517 1618 similis
1537 1547 1616 1612 euim

339 1672 387 1730 est
425 1667 529 1748 figura
565 1667 604 1742 ei,
636 1683 721 1746 quae
744 1664 832 1746 apud
854 1665 1070 1746 Propertium,
1094 1668 1129 1726 ut
1160 1665 1223 1726 hoc
1248 1668 1330 1740 utar,
1354 1663 1473 1745 legitur
1497 1659 1542 1742 (l,
1569 1657 1615 1732 15,

342 1775 408 1858 29):
448 1774 558 1852 ,Muta
586 1773 676 1855 prius
699 1778 793 1835 vasto
817 1772 968 1836 labentur
996 1771 1128 1834 flumina
1151 1776 1262 1854 ponto,
1286 1771 1399 1834 Annus
1423 1775 1457 1834 et
1478 1771 1615 1832 inversas

341 1883 468 1947 duxerit
508 1885 581 1944 ante
619 1881 718 1958 vices,
759 1876 865 1960 Quam
900 1885 955 1943 tua
977 1881 1036 1944 sub
1060 1884 1169 1943 nostro
1193 1884 1336 1956 mutetur
1353 1884 1487 1963 pectore
1512 1874 1616 1939 cura“.

340 1990 456 2070 Itaque
481 2008 553 2052 eam
578 1989 694 2070 legem,
720 2007 817 2069 quarn
842 2007 940 2071 supra
964 1987 1068 2064 attuli,
1092 1987 1124 2049 in
1153 1988 1238 2049 hanc
1266 1987 1403 2049 formam
1430 1979 1616 2064 redegerim:

343 2095 593 2176 „Coniunctivus
628 2097 661 2158 in
695 2095 884 2159 condicione
922 2100 991 2158 tum
1025 2096 1166 2176 ponitur,
1199 2113 1272 2156 oum
1294 2095 1321 2156 is
1345 2094 1400 2175 qui
1423 2091 1568 2174 loquitur
1588 2079 1616 2144 id

342 2204 429 2286 quod
464 2203 543 2266 dicit
565 2205 635 2266 fieri
658 2223 753 2286 posse
777 2203 948 2281 existimat,
974 2207 1030 2265 aut
1054 2209 1142 2266 certe
1166 2202 1230 2265 tale
1256 2202 1362 2266 verbis
1384 2202 1496 2265 facere
1519 2192 1616 2257 vult“.

339 2311 532 2375 Huiusmodi
555 2310 740 2392 exemplum
766 2309 853 2394 apud
876 2310 1129 2392 Aristophanem
1153 2327 1284 2392 quoque
1308 2312 1414 2372 exstat
1436 2307 1501 2372 Av.
1535 2298 1613 2365 1075

340 2423 380 2499 ἣν
394 2457 435 2466 -
451 2425 516 2485 τῶν
550 2420 718 2498 τυράννων
753 2419 798 2496 τίς
833 2438 902 2483 τινα
934 2423 999 2484 τῶν
1028 2419 1229 2495 τεθνηκότων
1256 2416 1437 2500 ἀποκτείνῃ,
1461 2417 1615 2480 τάλαντον

340 2529 512 2607 λαμβάνειν
537 2527 594 2610 (se.
620 2525 914 2609 ἐπαναγορεύεται);
939 2527 995 2590 ubi
1013 2527 1103 2590 iocus
1126 2527 1190 2588 hac
1212 2526 1283 2606 ipsa
1299 2524 1497 2588 condicionis
1520 2521 1620 2583 forma

339 2637 459 2697 nititur:
482 2635 570 2698 idem
594 2636 619 2697 si
654 2635 736 2696 serio
762 2633 869 2697 dicere
894 2638 1072 2714 contraque
1094 2639 1244 2696 naturam
1267 2652 1336 2695 rem
1360 2651 1430 2696 esse
1453 2626 1618 2697 ostendere

340 2743 504 2820 voluisset,
529 2743 595 2805 alia
618 2741 816 2805 condicionis
838 2741 944 2804 forma
966 2742 1013 2803 uti
1038 2740 1210 2818 debuisset,
1234 2740 1333 2802 velut:
1359 2740 1456 2818 εἴτις
1481 2737 1619 2804 ἀπέκτει·
1715 2755 1716 2760 ’

338 2869 404 2928 νεν,
431 2851 546 2928 ἔλαβεν
570 2849 611 2913 ἄν
636 2847 707 2930 (aut
730 2849 866 2912 fortasse
890 2849 919 2912 εἴ
943 2848 1145 2926 ἀποκτείνειε,
1170 2849 1262 2927 λάβοι
1277 2846 1342 2932 ἄν).

382 2957 454 3018 Iam
477 2957 646 3018 veniamus
670 2955 712 3018 ad
737 2955 954 3034 condiciones,
980 2957 1127 3039 optativo
1153 2956 1264 3025 elatas.
1289 2956 1328 3018 Iu
1352 2957 1469 3037 quibus
1486 2957 1550 3018 hoc
1565 2963 1619 3010 no·
1715 3025 1716 3056 ,

338 3069 408 3126 tatu
431 3062 563 3144 dignum
588 3068 644 3140 est,
670 3063 757 3143 quod
782 3063 869 3145 apud
893 3068 1017 3127 ceteros
1040 3063 1237 3147 saepissime,
1263 3064 1350 3147 apud
1373 3065 1618 3146 Aristophanem
1715 3071 1716 3090 ¹

337 3172 404 3234 fere
428 3175 613 3234 constanter
636 3173 670 3234 iu
695 3171 832 3253 apodosi
856 3173 1021 3254 optativus
1047 3192 1120 3234 cum
1145 3172 1350 3254 (inpunitum
1386 3193 1499 3237 earum
1531 3183 1617 3235 vero,

338 3298 423 3360 quae
447 3281 654 3343 coniunctivo
679 3281 897 3354 enuntiantur,
920 3280 953 3342 in
978 3279 1113 3362 apodosi
1142 3278 1333 3363 plerumque
1363 3282 1508 3344 ‘futurum
1540 3271 1618 3354 legi·

337 3405 418 3462 mus,
444 3387 626 3467 optativum
650 3406 724 3449 cum
748 3386 787 3450 ἄν
810 3387 984 3451 rarissime.
1008 3387 1060 3449 Ex
1084 3406 1148 3468 quo
1161 3388 1248 3452 effici
1271 3390 1353 3451 mihi
1376 3388 1514 3467 videtur,
1538 3386 1619 3446 inter
1715 3411 1716 3460 l

338 3490 544 3553 condiciones
567 3493 665 3573 ipsas,
683 3511 767 3572 quae
781 3494 988 3557 coniunctivo
1003 3495 1209 3558 enuntientur
1220 3500 1252 3559 et
1268 3514 1354 3576 quae
1371 3497 1531 3578 optativo,
1545 3506 1618 3554 ean·

334 3599 411 3662 *dem
434 3599 501 3660 sere
526 3619 593 3663 esse
616 3601 787 3678 rationem,
813 3621 911 3683 quam
936 3604 1183 3666 interfuturum
1208 3609 1240 3668 et
1264 3606 1447 3687 optativum
1471 3624 1545 3668 cum
1569 3596 1617 3661 ἄν·

338 3703 496 3788 Optativc
521 3711 629 3769 autem
653 3727 727 3770 eum
752 3707 791 3772 ἄν
816 3713 882 3771 tum
900 3710 1041 3773 maxime
1058 3711 1189 3790 utimur,
1207 3732 1279 3776 cum
1297 3713 1423 3795 aliquid
1438 3714 1511 3777 lieri
1525 3719 1618 3795 posse

337 3813 418 3876 illud
441 3813 573 3894 quidem
597 3815 833 3893 existimamus,
858 3821 967 3881 tamen
990 3818 1046 3882 vix
1065 3837 1180 3902 reapse
1196 3822 1264 3885 fore
1278 3827 1440 3904 putamus,
1457 3823 1515 3886 sed
1531 3807 1618 3882 haud

298 3948 302 3958 ¹
337 3942 410 3985 raro
434 3921 517 3983 nihil
542 3922 632 3985 aliud
654 3928 701 3986 est
723 3925 787 3987 nisi
809 3924 985 3990 modestior
1019 3927 1124 3992 forma
1146 3930 1255 4007 futuri,
1281 3950 1354 3993 cum
1389 3931 1461 4011 quis
1494 3915 1618 4007 aliquid

338 4028 456 4091 diserte
480 4026 589 4091 dicere
611 4048 676 4092 nou
700 4031 799 4094 audet
821 4032 874 4094 vel
897 4053 962 4097 uon
986 4034 1066 4097 vult.
1083 4035 1237 4100 Similiter
1261 4043 1293 4101 et
1316 4039 1463 4121 optativo
1487 4041 1520 4102 in
1544 4047 1618 4097 con·

337 4137 465 4199 dicione
488 4137 628 4218 primum
653 4142 720 4200 tum
740 4140 871 4218 utimur,
896 4161 969 4204 cum
993 4141 1119 4223 aliquid
1151 4146 1223 4208 fieri
1257 4166 1351 4229 posse
1387 4149 1617 4211 existimamus,

335 4246 439 4327 magis
464 4249 573 4307 tamen
595 4264 659 4308 nou
684 4251 875 4311 eventurum
899 4268 1076 4330 speramus,
1098 4253 1304 4317 coniunctivo
1329 4231 1437 4319 autem
1453 4261 1531 4334 tum,
1546 4263 1617 4314 cum

334 4351 457 4414 nullam
482 4352 758 4435 exspectationem
782 4356 950 4419 habemus.
975 4357 1067 4420 Haec
1092 4367 1140 4422 est
1164 4380 1272 4437 causa,
1299 4363 1383 4442 qued
1410 4361 1616 4429 coniunctiv0

335 4475 433 4540 saepe
456 4459 541 4523 duae
564 4462 707 4524 ferantur
731 4463 950 4544 condicioneS,
976 4471 1082 4528 utram
1105 4467 1186 4532 libet
1206 4469 1347 4551 eligendi
1372 4474 1505 4556 optione
1530 4469 1617 4536 data,

335 4566 481 4645 optativo
506 4568 594 4649 apud
617 4568 870 4652 Aristophanem
896 4573 1027 4655 quidem
1051 4594 1227 4656 uunquam.
1266 4577 1351 4658 Quin
1376 4581 1473 4646 ctiam
1500 4572 1616 4666 optati·
