3466 5406
824 445 1001 504 ..54-

312 601 353 664 V.
378 601 420 664 92
444 601 718 682 ἢν-καταμύσῃ
744 601 802 664 κάν
826 599 936 679 ἄχνην,
962 599 1053 678 ὅμως
1078 600 1143 663 ἐκεῖ
1178 601 1196 663 ὁ
1228 603 1306 678 νοῦς
1340 602 1474 669 πέτεται.
1507 601 1548 662 97

268 710 307 785 ἢν
330 708 381 789 ἴδῃ
406 707 911 787 γε-γεγραμμένον--Δῆμον
936 707 1313 785 καλόν,-παρέγραψε.
1348 709 1411 769 223
1438 706 1475 769 τὸ
1499 707 1549 780 γέ·

268 835 326 891 νος
349 814 389 891 ἢν
411 835 459 891 τις
483 813 596 896 ὀργίσῃ
621 815 658 877 τὸ
682 817 747 879 τῶν
769 814 942 893 γερόντων,
967 814 1039 878 ἔσθ’
1061 811 1176 893 ὅμοιον
1201 819 1334 896 σφηκιᾷ.
1369 814 1435 876 579
1469 811 1549 896 (αα.)

269 922 328 986 κᾶν
352 921 494 999 Οἴαγρος
517 921 785 1003 εἰσέλθῃ-οὐκ
809 921 996 1000 ἀποφεύγει.
1022 922 1085 986 583
1108 919 1189 1005 (nn.)
1214 923 1273 987 κᾶν
1287 920 1362 986 -δ
1385 920 1489 999 πατήρ
1505 943 1550 1006 τῳ

269 1026 678 1111 δῷ-παῑδα,-ἔδομεν
702 1027 829 1108 ταύτην.
857 1028 921 1089 594
946 1025 1027 1111 (an.)
1053 1029 1155 1111 ἐντῷ
1181 1031 1271 1113 δήμῳ
1294 1030 1424 1108 γνώμην
1444 1027 1551 1105 οὐδεὶς

268 1135 392 1199 πώποτ’
417 1134 575 1213 ένίκησεν,
599 1136 656 1200 ἐὰν
679 1137 720 1213 μὴ
746 1135 819 1218 εἴπῃ
842 1136 882 1199 τὰ
905 1135 1079 1213 δικαστήρι’
1104 1136 1243 1214 άφεῑναι.

315 1259 378 1321 614
404 1258 485 1342 (an.)
510 1259 579 1325 ἀλλ’
602 1261 643 1337 ἢν
666 1261 707 1339 μή
732 1281 783 1337 μοι
806 1261 885 1340 ταχὺ
909 1261 997 1342 μάξῃ,
1022 1261 1097 1324 τάδε
1122 1262 1270 1338 κέκτημαι
1301 1261 1470 1340 πρόβλημα
1498 1282 1552 1324 κα·

269 1373 345 1446 κῶν,
370 1366 410 1430 de
433 1385 497 1447 quo
522 1366 606 1446 loco,
630 1368 748 1430 frustra
771 1368 812 1431 ab
825 1367 1220 1450 Hamakerosuspaetato‚
1234 1366 1311 1430 vide
1324 1387 1423 1448 supra
1442 1387 1476 1450 p.
1498 1369 1549 1430 52.

269 1473 320 1538 De
344 1473 443 1552 ἄλλην
473 1478 592 1551 autem,
629 1474 716 1555 quod
749 1493 809 1556 pro
845 1469 914 1540 ἀλλ’
951 1473 990 1550 ἤν
1019 1473 1104 1538 Rav.
1139 1479 1171 1536 et
1209 1473 1289 1536 Ven.
1324 1476 1484 1556 praebent
1521 1479 1553 1537 et

268 1582 363 1644 multi
387 1581 526 1644 editores
548 1582 698 1659 retinent,
723 1582 779 1643 vix
804 1583 920 1644 attinet
944 1569 1062 1645 dicere:
1099 1603 1175 1644 nam
1208 1587 1438 1665 praeterquam
1464 1582 1552 1664 quod

270 1688 339 1753 ἀλλ’
364 1689 404 1767 ἤν
427 1690 461 1750 ίιι
484 1688 672 1752 Florentino
699 1689 869 1771 flegitnr,
897 1688 1158 1772 ἄλλην-μάξῃ,
1194 1691 1323 1752 etiamsi
1358 1692 1431 1768 δέει,
1467 1689 1554 1752 unde

270 1797 352 1858 haec
376 1796 540 1879 pendeant
564 1796 609 1879 (v,
633 1796 929 1880 Richterinotam)‚
943 1797 1117 1879 cogitando
1140 1797 1302 1879 suppleas,
1318 1817 1413 1860 sensu
1431 1801 1553 1860 carent:

270 1901 433 1980 quomodo
458 1903 545 1965 enim
568 1903 587 1965 ὁ
611 1904 721 1981 ταμίας
746 1904 860 1966 timere
883 1908 1001 1986 potest,
1025 1922 1066 1965 ne
1089 1903 1159 1985 ipse
1184 1905 1253 1966 seni
1277 1905 1341 1966 cito
1367 1904 1467 1965 aliam
1481 1905 1554 1985 pin·

270 2012 321 2070 sat
343 2006 456 2070 offam?

316 2136 379 2196 622
405 2134 486 2218 (an.)
510 2137 866 2216 ἢν-θοραβήσωμεν,
901 2141 964 2215 πάς
991 2137 1037 2214 τίς
1061 2152 1162 2216 φησιν
1201 2153 1298 2214 „ecnn
1332 2140 1554 2216 aamynnun“.

271 2243 335 2303 626
361 2243 444 2328 (an.)
469 2242 527 2306 κάν
550 2244 722 2322 ἀστράψω,
745 2244 979 2310 ποππύζουσιν.
1013 2244 1076 2305 684
1114 2241 1193 2327 (an.)
1232 2244 1393 2321 σοὶ-ἤν
1425 2265 1473 2322 τις
1509 2249 1556 2328 δῷ

268 2352 346 2429 τοὺς
369 2355 454 2429 τρεῖς
479 2350 630 2431 ὀβολούς,
654 2351 790 2435 ἀγαπᾷς.
818 2353 902 2413 1323
929 2351 1061 2432 έρχεται,
1085 2351 1212 2417 τύπτων
1233 2351 1394 2430 ἅπαντας,
1430 2352 1472 2429 ἤν
1510 2373 1555 2430 τις

271 2457 358 2542 αὐτῷ
382 2458 528 2542 ξυντύχῃ.

313 2579 351 2644 Ρ.
378 2583 419 2644 27
445 2587 563 2661 φαγεῖν
587 2583 647 2647 οὐκ
671 2585 763 2661 ἀξιοῖ,
787 2583 828 2661 ἣν
851 2585 891 2662 μὴ
917 2589 1107 2662 παραθῶ-
1121 2584 1281 2662 γογγύλην
1305 2583 1445 2668 (μάζαν).

316 2689 381 2752 Av.
410 2691 472 2751 758
499 2689 568 2772 (tr.)
594 2690 693 2754 καλὸν
716 2692 792 2769 παρ’
817 2692 891 2770 ἡμῖν
914 2691 1011 2770 ἐστιν,
1036 2691 1076 2768 ἤν
1098 2712 1143 2768 τις
1166 2697 1210 2773 τῷ
1241 2691 1465 2775 πατρὶ-εἴπῃ.

317 2815 353 2878 L.
382 2818 442 2879 105
469 2814 575 2899 (Lac.)
601 2816 695 2879 καίκα
718 2816 744 2879 ’κ
769 2815 881 2898 (vulgo
906 2816 964 2881 κάν
993 2815 1040 2900 ἐκ)
1056 2819 1113 2892 τάς
1130 2821 1229 2892 ταγᾶς
1246 2818 1324 2900 ἔλσῃ
1340 2819 1425 2881 ποκά
1442 2819 1558 2901 (vulgo

273 2924 501 3008 πόκα),-έβα.
528 2926 592 2987 856
618 2923 677 2986 κᾶν
704 2925 772 3008 ᾡόν
796 2926 815 3002 ἢ
840 2929 942 3004 μῆλον
965 2923 1219 3007 λάβῃ-φησίν.
1245 2926 1308 2988 858
1334 2924 1392 2988 κᾶν
1415 2929 1486 3004 περὶ
1501 2929 1556 2991 άν-

270 3036 359 3111 δρῶν
383 3027 412 3110 γ’
437 3032 559 3115 ἐμπέσῃ
585 3031 682 3109 λόγος
705 3053 762 3115 τις,
787 3029 886 3111 εἴρηκ’
912 3032 1033 3109 εὐθέως
1057 3030 1075 3106 ἡ
1101 3033 1143 3110 σὴ
1167 3030 1257 3107 γυνή.

313 3159 374 3222 Th.
400 3159 462 3219 401
490 3157 549 3222 κάν
573 3157 691 3240 ἐκβάλῃ
717 3158 834 3235 σκεῦός
857 3179 895 3236 τι,
919 3157 1002 3235 ἁνὴρ
1027 3155 1075 3238 (ll.
1100 3155 1197 3240 ἀνήρ)
1222 3157 1336 3240 ἐρωτᾷ.
1376 3161 1438 3224 792
1471 3158 1557 3243 (an.)

270 3267 329 3332 κάν
349 3267 459 3350 ἐξέλθῃ
484 3268 522 3330 τὸ
546 3264 678 3342 γύναιόν
700 3285 766 3344 ποι,
804 3261 873 3347 κᾷθ’
908 3264 1014 3343 εὕρητ’
1050 3263 1130 3329 αὐτὸ
1165 3263 1311 3344 θύρασιν,
1347 3267 1460 3345 μανίας
1485 3269 1558 3346 μαί-

270 3379 375 3450 νεσθε,
400 3374 457 3438 ubi
482 3373 587 3453 εὕρητ’
612 3376 702 3435 certa
725 3375 773 3434 est
796 3372 934 3434 Porsoni
958 3370 1143 3434 emendatio
1167 3391 1226 3452 pro
1252 3371 1365 3450 εὕροιτ’
1393 3372 1556 3436 codicum.

273 3483 334 3545 795
358 3476 441 3567 (an.)
461 3483 520 3546 κάν
534 3483 783 3560 καταδαρθῶμεν
797 3478 982 3561 (legendum
997 3478 1260 3562 καταδάρθωμεν)
1272 3479 1307 3544 ἐν
1322 3481 1558 3558 ἀλλοτρίων,-

269 3593 332 3666 πᾶς
356 3610 403 3667 τις
426 3589 463 3653 τὸ
489 3590 588 3653 κακὸν
621 3591 717 3653 τοῦτο
758 3592 852 3666 ζητεῖ.
890 3591 953 3652 798
991 3586 1071 3668 (an.)
1109 3586 1558 3671 κάν-ἀναχωρήσῃ-πάς

270 3699 569 3777 ἐπιθυμεῖ-ἰδεῖν.
596 3700 659 3763 812
685 3698 767 3782 (an.)
792 3698 832 3776 ἢν
854 3698 893 3762 τὰ
917 3697 1041 3776 μέγισθ’
1073 3696 1468 3782 ὕφέληται,-αὐθημερὸν
1486 3698 1557 3762 αὕτ’

272 3806 448 3873 ἀπέδωκεν.

314 3929 356 3992 R.
382 3933 424 3994 94
449 3930 469 3992 ά
493 3932 623 4010 φροῦδα
647 3933 775 4007 θάττον,
799 3929 839 4006 ἢν
862 3929 963 4008 μόνον
987 3930 1087 4008 χορὸν
1111 3929 1202 4010 λάβῃ.

317 4038 380 4102 909
408 4036 458 4115 ὅς,
482 4037 522 4114 ἢν
546 4039 656 4114 κακοῖς
679 4058 725 4115 τις
748 4036 916 4119 περιπέσῃ,
942 4038 992 4101 καὶ
1022 4038 1160 4114 πλησίον
1195 4043 1355 4119 παραστῇ,
1388 4037 1557 4102 πέπτωκεν

272 4145 332 4209 έξω
355 4148 422 4210 τῶν
443 4146 559 4225 κακῶν,
584 4143 642 4207 ubi
665 4165 711 4221 τις
736 4164 756 4205 a
778 4143 918 4206 Velseno
936 4143 1048 4206 datum
1065 4148 1113 4208 est
1127 4163 1187 4226 pro
1205 4165 1268 4208 που
1286 4144 1434 4206 codicum
1452 4142 1558 4224 (quod

271 4255 302 4314 in
327 4252 356 4314 V
381 4253 535 4315 omissum
559 4251 631 4336 est).
657 4248 764 4332 Quam
788 4253 1008 4314 coniecturam
1032 4251 1160 4314 felicem
1183 4271 1248 4314 non
1272 4250 1423 4332 equidem
1442 4251 1557 4333 appel·

271 4361 419 4424 laverim:
444 4360 659 4441 nequeenim
686 4380 706 4421 a
738 4359 831 4423 libris
870 4358 1047 4440 quidquam
1080 4358 1238 4440 praesidii
1274 4359 1383 4420 habet:
1417 4378 1494 4420 nam
1523 4360 1558 4421 in

270 4467 380 4548 priore
403 4466 571 4528 Ranarum
593 4470 688 4549 parte
712 4485 813 4548 usque
839 4465 935 4528 adv.
972 4466 1057 4529 1008
1092 4465 1119 4528 si
1155 4464 1184 4526 A
1218 4485 1290 4527 eum
1325 4463 1356 4525 R
1384 4465 1556 4542 consentit,

272 4573 459 4656 discrepans
482 4573 599 4637 Veneti
624 4576 784 4657 scriptura
807 4574 884 4636 satis
919 4577 1070 4655 suspecta
1105 4577 1161 4649 est,
1198 4593 1229 4635 ν.
1265 4571 1404 4635 Schnaei
1436 4570 1475 4636 de
1496 4570 1556 4636 Ar.
