3466 5406
704 463 862 521 ...3-

126 625 218 684 τατῖ-Ι
246 622 285 684 V.
312 625 375 684 808
401 623 571 701 ἀμίς-ἢν
596 623 939 703 οὐρητιάσῃςι-παρά
964 626 1019 686 σοὶ
1043 626 1232 706 κρεμήσεται
1268 627 1422 704 „matula

127 734 157 792 si
184 732 363 806 mimarios,
389 731 479 792 iuxta
502 735 533 792 te
556 729 744 810 pendebit“:
768 729 894 791 matula
918 739 1026 792 autem
1050 731 1205 812 pendebit
1239 751 1303 796 non
1333 741 1422 816 post-

125 859 234 920 quam
258 841 403 921 mingere
428 838 580 914 voluerit‚
605 837 662 901 sed
686 839 787 900 etiam
811 837 903 900 alias.
927 837 990 900 Av.
1008 841 1071 902 758
1089 843 1333 905 τοθτο--καλόν
1348 843 1422 921 παρ)

115 947 200 1024 ἡμῖν
229 948 326 1022 ἐστιν,
351 946 390 1022 ἤν
416 965 462 1021 τις
485 951 531 1026 τῷ
556 944 856 1026 πατρὶ--εἴπῃε-τὸ
880 945 989 1009 εἰπεῖν.
1003 945 1096 1008 [dem
1110 965 1176 1008 non
1191 948 1297 1008 minus
1317 967 1419 1030 appa-

126 1061 179 1117 ret
206 1054 241 1115 in
265 1053 433 1116 sententiis
457 1052 664 1126 concessivis,
688 1057 724 1114 ut
747 1051 786 1114 V.
812 1053 876 1132 (ibt
901 1053 959 1115 οὐκ
984 1051 1070 1117 ἔστιν
1094 1054 1186 1130 ὅπως
1210 1055 1279 1132 οὐχὶ
1308 1059 1420 1134 τεθνή-

124 1167 203 1238 ξεις,
230 1160 290 1223 κᾶν
314 1164 371 1240 χρῇ
398 1159 594 1236 σπλάγχνων
618 1153 649 1233 μ’
675 1157 858 1235 ἀπέχεσθαι,
883 1156 1041 1220 Similiter
1064 1159 1098 1219 in
1121 1158 1269 1221 relativis
1293 1169 1420 1224 senten-

123 1271 181 1332 tiis
207 1275 256 1330 cst
280 1269 337 1330 ubi
362 1267 448 1328 actio
473 1264 658 1328 secundarii
694 1265 855 1328 enuntiati
892 1265 934 1327 ad
966 1283 1118 1346 praesens
1151 1266 1205 1328 vel
1239 1269 1348 1347 potius
1378 1269 1421 1331 ad

120 1375 302 1457 quodlibet
327 1383 453 1454 tempus
476 1373 649 1454 pertineat,
673 1372 823 1452 primarii
847 1371 889 1434 ad
924 1373 1077 1447 futurum,
1112 1373 1214 1434 veluti
1249 1373 1308 1437 Ec.
1335 1377 1420 1438 1124

125 1483 291 1562 εὐφρανεῖ
314 1484 372 1557 τὴν
397 1476 486 1559 νύχθ’
511 1479 593 1556 ὅλην
617 1479 828 1556 ἐκλεγομένας
854 1477 872 1540 ὅ
887 1500 915 1541 τι
928 1479 967 1542 ἂν
979 1475 1102 1556 μάλιστ’
1119 1479 1226 1558 ὀσμὴν
1243 1481 1298 1562 ἔχῃ
1315 1478 1420 1567 „(me-

124 1587 220 1674 rum)
245 1589 399 1651 laetiores
422 1586 537 1650 reddet
559 1585 721 1664 mulieres,
747 1585 830 1648 illud
854 1585 1020 1667 eligentes,
1046 1583 1134 1666 quod
1174 1589 1316 1650 maxime
1341 1589 1421 1652 odo-

124 1707 238 1760 ratum
263 1702 312 1758 est
335 1691 416 1780 (non
441 1712 479 1757 eo
504 1694 572 1756 solo
596 1699 750 1774 tempore,
775 1692 833 1755 sed
857 1690 1032 1777 semper)“.

173 1802 212 1889 3)
240 1801 329 1884 Quin
352 1803 450 1864 etiam
475 1809 506 1863 et
530 1803 668 1862 aoristus
693 1807 726 1862 et
748 1818 901 1881 praesens
919 1801 1119 1862 coniunctivi
1137 1802 1226 1865 haud
1242 1823 1316 1865 raro
1334 1805 1419 1866 eius-

123 1912 218 1975 modi
244 1912 408 1974 actionem
431 1907 564 1983 indicat,
590 1926 675 1987 quae
699 1908 889 1990 primariam
906 1908 1070 1970 actionem
1085 1914 1236 1971 secutura
1251 1911 1302 1972 sit.
1324 1907 1421 1990 Quod

125 2038 259 2101 semper
281 2019 319 2080 fit
343 2018 377 2078 in
401 2016 576 2079 enuntiatis
600 2013 846 2095 temporalibus,
872 2016 1417 2098 quaeapa1·ticulaiurg„qu0ad“

124 2127 335 2209 significante
361 2123 429 2204 (vel
451 2123 535 2199 πρίν,
560 2142 633 2184 cum
657 2124 816 2185 sententia
847 2141 961 2204 regens
985 2123 1182 2186 affirmativa
1207 2126 1267 2208 est)
1298 2125 1435 2189 ducum«

127 2232 225 2318 tnr*)
253 2232 313 2314 (a),
338 2230 501 2292 interdum
523 2231 558 2292 in
581 2229 872 2308 condicionalibus‚
898 2232 1091 2310 praesertim
1115 2233 1141 2293 si
1167 2237 1318 2294 conatum
1335 2233 1420 2296 indi-

130 2353 214 2419 cant,
239 2347 271 2403 et
298 2339 494 2401 concessivis
519 2336 579 2420 (b),
605 2336 744 2417 denique
769 2355 842 2398 raro
869 2336 1011 2417 quidem,
1037 2357 1102 2400 non
1127 2345 1236 2401 tamen
1251 2360 1419 2421 nunquam

133 2449 231 2510 edam
253 2450 289 2508 in
313 2446 378 2508 alio
403 2464 521 2526 genere
546 2444 775 2526 temporalium
799 2445 1040 2506 enuntiatorum
1065 2445 1123 2527 (α).
1142 2445 1294 2528 Exempli
1310 2450 1419 2528 gratia

135 2556 215 2617 haec
237 2555 385 2617 afferam.

172 2663 206 2744 a)
231 2660 367 2725 Proca:
392 2660 431 2722 V.
460 2663 542 2724 1441
570 2658 678 2738 ὕβριζ’,
704 2659 767 2736 ἕως
791 2659 831 2722 ἂν
855 2661 913 2736 τὴν
936 2659 1025 2737 δίκην
1050 2660 1159 2738 ἅρχων
1183 2666 1261 2742 καλῇ
1298 2663 1418 2740 „illude

123 2789 228 2851 usque
254 2768 334 2831 dum
357 2768 480 2830 archon
504 2767 595 2829 litem
617 2767 702 2828 hanc
726 2764 890 2828 introduci
916 2766 1062 2828 iubeat“.

165 2875 264 2942 Aor.:
289 2873 331 2938 N.
357 2875 441 2936 1489
464 2876 502 2937 τὸ
525 2878 618 2950 τέγος
643 2874 855 2950 κατάσκαπιε,
881 2872 944 2949 ἕως
968 2874 1008 2937 ἂν
1033 2875 1145 2952 αὐτοῖς
1181 2878 1321 2960 ἐμβάλῃς
1354 2881 1415 2958 τὴν

122 2987 241 3051 οἰκίαν.
264 2983 323 3045 Εο.
351 2984 414 3043 170
439 2985 629 3060 φυλάξομαι,
654 2983 729 3057 πρὶν
753 2979 793 3043 ἄν
816 2977 844 3054 γ’
863 2981 935 3043 ἴδω.

168 3091 210 3175 b)
235 3090 369 3155 Proca:
392 3091 450 3152 Ec.
479 3091 539 3151 107
564 3089 874 3166 τούτου-τάλμημα
897 3093 1063 3166 τολμῶμεν
1095 3093 1256 3154 τοσοῦτον
1290 3092 1417 3156 οὕνεκα.

119 3205 162 3280 ἤν
190 3221 265 3276 παις
289 3202 488 3277 παραλαβεῖν
510 3202 568 3276 τῆς
590 3198 719 3274 πόλεως
744 3199 782 3260 τὰ
805 3197 975 3272 πράγματα
992 3201 1170 3275 δυνώμεθα.
1188 3197 1224 3260 L.
1244 3202 1306 3264 123
1324 3201 1418 3278 ποιή-

119 3325 244 3384 σομεν,
270 3306 329 3368 κᾶν
353 3305 529 3368 ἀποθανεῖν
552 3305 636 3381 ἡμᾶς
660 3306 715 3385 δέῃ
744 3304 928 3381 „faciemus
954 3305 1083 3366 etiamsi
1106 3306 1201 3368 nobis
1213 3306 1417 3369 moriendum

113 3417 162 3478 sit
195 3413 400 3501 (posthac)“.

165 3539 269 3604 Aorr
294 3535 335 3599 R.
363 3538 447 3599 1517
472 3537 528 3598 τὸν
553 3540 652 3599 θᾶκον
675 3536 732 3598 τὸν
756 3536 835 3612 ἐμὸν
858 3533 1006 3611 παράδος
1043 3535 1207 3611 Σοφοκλεῖ
1233 3541 1341 3614 τηρεῖν
1367 3541 1419 3602 καλ

114 3647 308 3719 διασώζειν,
333 3645 372 3721 ἢν
396 3643 445 3720 ἄρ’
471 3645 533 3718 ἐγώ
556 3664 632 3708 ποτε
657 3646 741 3720 δεῦρ’
768 3642 938 3720 ἀφίκωμαι.
978 3640 1036 3702 Εο.
1062 3642 1126 3703 241
1164 3645 1202 3706 σὲ
1233 3646 1418 3722 στρατηγὸν

114 3759 150 3820 αι
178 3754 332 3829 γυναῖκες
356 3749 492 3814 αὐτόθεν
521 3751 695 3828 αἱρούμεθ’,
731 3752 771 3827 ἢν
802 3747 891 3813 ταῦθ’
926 3748 1070 3824 ἁπινοεῖς
1106 3752 1297 3834 κατεργάσῃ,
1331 3752 1418 3832 ῃαοά

112 3863 215 3927 idem
241 3859 308 3920 fere
333 3863 381 3920 est
405 3877 443 3919 ac
467 3859 495 3920 si
519 3857 618 3920 dicas:
648 3855 843 3935 „dummodo
868 3855 1052 3937 perlicias“.

165 3967 201 4048 c)
230 3963 290 4024 Ec.
316 3965 379 4024 634
404 3964 550 4040 ἐπιτήρει,
577 3963 860 4039 ὅταν-παραδῶ
894 3977 947 4025 σοι
983 3961 1191 4037 δευτεριάζειν
1230 3965 1416 4044 „opperirc,

110 4074 204 4136 dum
232 4071 295 4132 tibi
319 4069 476 4132 secundas
501 4083 610 4151 partes
634 4070 810 4152 exigendas
835 4070 940 4133 doma.

168 4340 186 4369 *
208 4333 288 4388 Satis
308 4332 406 4388 mirari
426 4350 482 4387 non
502 4349 617 4402 possum
637 4336 773 4403 ineptiam
794 4351 893 4389 eorum
913 4340 1170 4404 grammaticorum,
1200 4336 1247 4402 qui
1267 4350 1328 4390 cum
1349 4334 1417 4390 dent

107 4426 275 4494 vulgatum
295 4420 365 4476 illud
384 4431 581 4492 praeceptum,
602 4423 693 4478 nihilo
714 4424 806 4478 minus
827 4425 855 4479 in
867 4426 1005 4494 exemplis
1022 4425 1145 4480 afferant
1157 4439 1190 4478 eu
1206 4439 1327 4496 quoqne,
1341 4441 1415 4494 quac

107 4518 152 4573 ab
175 4512 246 4568 istis
268 4510 419 4578 particulis
440 4511 591 4567 ducuntur.
611 4511 684 4568 Vide
706 4513 818 4581 Kriiger
850 4515 892 4579 53,
922 4517 947 4584 6,
979 4517 994 4569 5
1024 4519 1213 4584 (postremum
1234 4515 1415 4584 exemplum).

105 4599 330 4668 minuendus,
350 4617 377 4669 p.
398 4604 475 4656 1-2.

1280 4711 1310 4764 ι*
