3468 5390
709 409 889 471 ..97-

160 569 327 634 Meinekei
349 569 492 634 lectione
514 569 595 648 τᾶρα
618 571 658 646 vd
682 569 745 635 At':
770 589 855 651 quoe
878 575 911 634 ot
935 590 955 635 e
977 570 1070 636 libris
1093 589 1158 636 non
1180 571 1319 653 longius,
1344 589 1444 652 quem

158 677 227 755 iile,
250 676 385 753 recedit,
409 696 486 740 nem
510 675 550 743 ἄν
572 676 729 740 facillime
753 696 793 740 ex
815 678 982 759 geminate
1008 699 1027 742 ν
1057 679 1209 760 proxime
1233 679 1312 742 oriri
1326 680 1443 761 potuit,

157 789 191 848 et
213 787 282 848 tem
304 784 427 848 bonum
450 803 578 847 sensum
601 771 748 865 praebet,
772 789 897 847 utnon
929 783 1076 848 dubitem
1100 785 1263 866 equidem,
1298 786 1377 865 quin
1401 787 1442 850 ab

156 893 228 972 ipso
253 891 379 956 comico
402 891 550 972 proiecta
572 891 623 954 sit:
651 909 793 972 „operae
826 890 968 972 pretium
1001 891 1074 969 ieci,
1111 893 1228 972 inquit,
1266 891 1355 973 quod
1378 894 1442 956 huo

155 998 243 1075 veni,
268 998 297 1060 si
319 1004 414 1079 peter
437 1015 568 1080 quoque
590 998 673 1060 mihi
689 1002 738 1061 est
751 997 974 1074 nutriendus“;
991 999 1131 1062 doristus
1147 1007 1266 1076 eutem,
1282 1009 1317 1062 ut
1333 1019 1442 1081 seepe,

155 1104 223 1170 fere
245 1105 385 1187 perfecti
404 1105 472 1166 vim
496 1105 605 1168 hebet.
630 1101 784 1168 Ceterum
806 1105 930 1168 ironice
953 1106 1036 1168 haec
1061 1104 1169 1169 dicere
1192 1107 1344 1170 iuvenem
1383 1127 1444 1190 pro

156 1212 220 1275 οὐκ
243 1212 424 1288 ἀπέλαυσα,
447 1229 512 1274 non
537 1215 585 1274 est
609 1229 666 1274 our
694 1229 854 1276 moneam.

203 1319 288 1382 1597
314 1319 476 1397 ἐθέλομεν,
493 1318 521 1383 εἰ
539 1320 833 1396 δοκεῖ-σπονδὰς
850 1322 1024 1386 ποιεῖσθαι.
1045 1321 1130 1384 1630
1146 1320 1228 1384 εἰ-
1241 1324 1330 1384 δοκεῖ
1346 1327 1443 1404 σφῷν

154 1430 265 1504 ταῦτα,
289 1426 384 1505 κάμοὶ
407 1429 570 1492 συνδοκεῖ.

203 1534 287 1600 1681
315 1535 359 1610 μὰ
381 1534 439 1598 τὸν
461 1529 523 1607 Δί’,
549 1531 609 1610 οὐχ
633 1530 730 1609 οὗτός
752 1553 788 1610 γε
811 1537 1014 1611 παραδοῦναι
1037 1535 1129 1611 λέγει,
1154 1536 1234 1613 εἰμὴ
1248 1538 1397 1614 βαβράζει
1412 1535 1441 1613 γ’

156 1641 268 1718 ὥσπερ
292 1639 325 1704 αἱ
346 1640 518 1720 χελιδόνες,
543 1639 600 1702 ubi
622 1638 699 1702 libri
723 1641 791 1703 sine
813 1659 909 1704 sensu
934 1643 1069 1719 βαδίζειν
1092 1643 1211 1705 omisso
1235 1642 1273 1718 γ’.
1288 1644 1443 1722 Βαβράῑει

158 1747 247 1812 dedit
268 1747 472 1823 Meinekeus,
492 1746 583 1810 houd
607 1745 715 1824 dubie,
740 1747 832 1810 falso:
858 1749 1026 1826 βαβράζειν
1050 1745 1134 1813 enim
1165 1755 1214 1812 est
1245 1752 1441 1836 „contentis-

157 1857 238 1918 sime
261 1873 345 1918 voce
373 1854 548 1930 clemere“,
581 1859 617 1916 ut
650 1853 834 1934 Hesychius
869 1854 1022 1936 explicet:
1058 1858 1238 1934 βαβράζων·
1277 1861 1441 1935 κεκραγὼς

157 1957 333 2038 συντὸνως.
358 1962 428 2024 Alii
465 1959 561 2024 aliter
595 1960 818 2025 emendarunt.
855 1958 943 2042 Quid
978 1963 1037 2026 Αι.
1070 1965 1246 2047 scripserit,
1269 1966 1440 2041 incertum;

159 2070 212 2134 sed
234 2070 380 2136 omnium
405 2070 530 2150 optima
553 2068 736 2132 emendatio
761 2074 810 2132 est
825 2069 963 2132 Bentlei:
982 2072 1120 2148 βαβάζει,
1138 2071 1225 2151 quod
1237 2072 1324 2135 idem
1335 2073 1441 2153 Hesy-

160 2179 245 2242 chius
268 2179 511 2258 interpretetur:
537 2177 574 2240 τὸ
599 2178 639 2253 μὴ
663 2178 887 2253 διηρθρωμένα
921 2179 1022 2252 λέγειν
1058 2178 1285 2255 ,inerticulam
1314 2179 1439 2259 loqui“.

161 2283 270 2348 Sensus
295 2291 406 2348 temen
427 2283 494 2346 loci
517 2288 649 2364 apertus
672 2289 729 2346 est:
760 2303 844 2361 ,non
878 2285 934 2346 hic
968 2303 1003 2347 sc
1042 2285 1220 2370 concedere
1258 2286 1347 2364 dicit,
1383 2287 1439 2350 sed

165 2391 299 2472 loquitur
323 2392 469 2467 obscure,
493 2397 530 2454 ut
552 2390 775 2454 hirundines“.
807 2388 960 2454 Ceterum
996 2391 1036 2454 de
1070 2393 1104 2453 vi
1140 2394 1377 2473 particulorum
1413 2395 1440 2456 εἰ

167 2501 306 2576 μή-γε
331 2498 409 2562 vide
433 2517 531 2579 supra
554 2517 586 2579 p.
612 2499 653 2561 93
679 2497 722 2562 ed
753 2498 792 2563 Ε.
820 2500 894 2561 186.

199 2606 234 2672 L
260 2612 303 2673 13
328 2607 357 2672 εἴ
379 2627 406 2670 τι
419 2607 658 2684 -δεῖ,-λέγε.
683 2604 776 2668 Idem
791 2606 929 2667 verbum
944 2606 978 2666 in
993 2609 1118 2686 protasi
1135 2607 1264 2688 legitur:
1288 2607 1325 2670 L.
1344 2609 1438 2671 1219.

159 2713 195 2778 u
219 2719 272 2780 71.
300 2716 396 2777 1007.
424 2714 519 2778 1368.
544 2713 604 2776 Εο.
631 2713 726 2776 1098.
752 2712 817 2793 (Pl.
842 2713 933 2790 566).

201 2823 264 2884 120
288 2821 509 2898 ἡμῖν,-εἴπερ
534 2822 689 2898 μέλλομεν
713 2818 908 2894 ἀναγκάσειν
931 2819 1008 2897 τοὺς
1032 2819 1153 2898 ἄνδρας
1182 2821 1310 2898 εἰρήνην
1341 2822 1438 2898 ἄγειν,

156 2930 281 3008 ἀφεκτέ’
304 2931 400 2995 ἐστίν.
428 2931 489 2992 167
515 2929 697 2994 εἰ-δοκεῖ
722 2933 820 3008 σφῷν
843 2930 953 3003 ταῦτα,
977 2928 1072 3006 χὴμῖν
1095 2933 1252 2995 ξυνδοκεῖ.
1271 2932 1335 2993 317
1351 2930 1437 3011 (tetr.

154 3017 269 3117 iemb.)
296 3036 322 3100 εἰ
346 3036 452 3114 ῥύμμα
474 3037 638 3114 τυγχάνεις
663 3035 757 3116 ἔχων,
781 3036 919 3124 λουτρὸν
934 3037 1130 3112 -παρέξυι,

199 3145 262 3208 532
288 3142 368 3227 (en.)
394 3143 420 3208 εἰ
442 3142 527 3207 τοῦτ’
552 3143 704 3218 ἐμπόδιόν
723 3141 1005 3218 σούστιν,-τουτὶ
1027 3143 1064 3205 τὸ
1090 3143 1367 3222 κάλυμμα-ἔχε
1397 3144 1437 3207 de

150 3252 297 3326 σούστίν,
323 3249 410 3331 quod
434 3269 454 3313 e
476 3249 649 3312 Meinekeo
673 3249 748 3312 loco
772 3249 826 3312 σοί
851 3247 1000 3311 codicum
1024 3249 1234 3312 substitutum
1270 3257 1326 3327 est,
1361 3251 1438 3314 vide

152 3365 223 3422 eius
246 3358 343 3420 Vind.
368 3378 400 3440 p.
428 3359 488 3420 126
514 3363 546 3420 et
567 3354 741 3422 Zielinskii
768 3375 800 3437 p.
828 3358 901 3418 124.
1085 3429 1097 3457 ⁸

197 3468 262 3530 649
288 3463 361 3550 (λι.)
386 3465 557 3542 εἰ-γυνή
582 3467 723 3543 πέφυκα,
746 3467 843 3528 τοῦτο
866 3467 906 3542 μὴ
932 3465 1083 3542 φθονεῖτέ
1108 3485 1170 3539 μοι.
1196 3466 1259 3528 943
1292 3463 1353 3544 οὐχ
1377 3465 1437 3541 ἡδὺ

150 3577 189 3640 τὸ
214 3575 317 3653 μύρον
342 3576 385 3650 μὰ
407 3575 464 3636 τόν
488 3568 635 3636 Ἀπόλλω
657 3572 795 3648 τουτογί,
822 3571 848 3634 εἰ
872 3573 911 3649 μὴ
937 3570 1149 3649 διατριπτικόν
1183 3592 1219 3647 γε
1256 3571 1336 3635 κούκ
1361 3570 1438 3636 ὄζον

149 3683 263 3759 γάμων
290 3679 395 3759 ,istud
418 3685 616 3760 unguentum
644 3679 779 3742 minime
804 3683 852 3741 est
875 3699 985 3754 suave,
1011 3678 1068 3742 sed
1091 3697 1216 3741 morem
1253 3679 1329 3755 olet,
1362 3698 1437 3742 oon-

151 3788 299 3852 cubitum
322 3805 386 3849 non
407 3787 519 3848 item“.
539 3785 589 3848 De
612 3786 783 3868 particulis
820 3786 844 3848 εἰ
869 3787 1014 3863 μή-γε
1037 3786 1114 3850 vide
1139 3807 1237 3868 supra
1264 3807 1295 3868 p.
1327 3788 1368 3850 93
1395 3785 1435 3848 ad

149 3895 189 3960 E.
217 3897 291 3958 186.

197 4005 260 4068 992
286 4004 370 4081 Πρ.·
395 4004 423 4066 τί
447 4002 475 4065 δ’
500 4002 567 4065 ἐστί
591 4019 644 4066 σοι
667 4003 744 4077 τοδί;
771 4003 848 4080 un:
873 4003 1017 4066 σκυτάλα
1042 4002 1219 4066 Λακωνικά.
1244 4002 1329 4077 Πρ.·
1348 4002 1435 4076 εἴπερ

147 4131 185 4184 γε
200 4109 300 4190 χαῦτη
315 4108 375 4173 ’στὶ
391 4110 532 4185 σκυτάλη
549 4109 726 4187 Λακωνική.
747 4110 829 4172 1051
851 4108 939 4191 (lyr.)
957 4108 1263 4184 ἐπαγγελλ,ε’τυι,-εῖ
1276 4128 1322 4184 τις
1340 4108 1434 4184 ἀργυ-

150 4218 252 4292 ρίδιον
275 4219 375 4280 δεῖται
397 4218 516 4294 λαβεῖν.
553 4217 637 4280 1093
674 4217 700 4282 εἰ
736 4220 951 4294 σωφρονεῖτε,
989 4215 1136 4292 θαίμάτια
1160 4216 1313 4292 λήψεσθε.
1349 4214 1432 4277 1162

149 4322 257 4406 (Leo.)
283 4327 387 4402 λῶμες
411 4323 459 4402 (ll.
484 4321 649 4405 λώμεσθ’),
674 4325 708 4388 αῖ
731 4346 776 4402 τις
801 4325 873 4402 ἁμὶν
898 4323 1095 4399 τοῦγκυκλον
1130 4327 1167 4404 λῇ
1204 4322 1289 4385 τοῦτ’
1315 4322 1434 4385 ἀποδό-

149 4451 208 4506 μεν
233 4429 282 4512 (ll.
308 4429 503 4508 ἀποδῶμεν).
531 4433 615 4492 1176
641 4432 667 4494 εἰ
691 4435 780 4496 δοκεῖ
813 4435 893 4509 δρᾶν
928 4433 1034 4506 ταῦτα,
1074 4428 1306 4509 βουλεύσασθε.
1348 4429 1432 4490 1202

151 4539 244 4621 (lyr.)
269 4535 633 4616 dueum-odbevrsi
657 4538 698 4616 μή
733 4538 1002 4615 τις-ὀξύτερον
1036 4538 1113 4614 ἐμοῦ
1153 4539 1266 4616 βλέπει.
1305 4537 1434 4600 1204α

1310 4667 1325 4716 7
