3466 5406
715 439 892 522 ...241...

166 619 298 697 iectura,
324 617 386 680 nisi
409 617 466 679 illo
490 618 571 680 vitio
596 617 770 693 laboraret,
796 615 923 681 defendi
946 621 1055 700 posset
1089 636 1184 681 versu
1218 615 1257 679 Ε.
1285 619 1360 692 133,
1384 613 1441 679 nbi

165 724 293 790 codices
317 724 375 787 alii
400 725 553 788 exhibent
575 728 701 802 τοῦτον,
722 725 780 788 alii
804 729 891 790 recte
920 727 1024 790 τόνδε.

209 833 272 896 tot
296 833 442 913 χρησμός
465 830 540 912 ἡμῖν
563 832 650 898 ἐστιν
674 832 861 910 ἐπικρατεῖν,
886 833 943 897 ἐάν
967 833 1007 911 μὴ
1026 832 1258 910 στασιάσωμεν
1271 827 1326 913 (de
1342 829 1443 913 scrip·

165 947 236 1004 lura
258 960 290 1001 ν.
317 937 485 1021 Blaydesii
509 960 581 1002 ann.
607 940 666 1024 cr.)
693 959 789 1019 „earn
812 959 865 1002 nu
890 959 929 1003 ne
953 957 1163 1020 noccopnucs
1197 937 1232 1020 (n
1254 957 1294 1001 se
1318 939 1441 1019 tyneus

163 1069 207 1112 an
231 1047 381 1131 ccopt)“.
406 1051 471 1110 774
495 1046 597 1132 (hex.)
633 1049 673 1125 ἢν
708 1049 744 1112 δὲ
778 1051 953 1112 διαστῶσιν
978 1049 1027 1112 καὶ
1056 1046 1256 1111 ἀναπτῶνται
1270 1045 1443 1126 -χελιδό-

163 1176 225 1234 νες,
250 1151 356 1218 οὐκέτι
380 1153 464 1220 δόξει
487 1151 602 1232 ὄρνεον
626 1153 696 1218 οὐδ’
721 1154 829 1220 ὁτιοῦν
853 1155 1180 1246 καταπυγωνέστερον
1196 1153 1286 1218 εἶναι.
1303 1154 1368 1217 900
1385 1151 1444 1218 οὔκ

165 1257 458 1344 (βαδιοῦμαι),-ἢν
482 1263 523 1340 μὴ
548 1262 755 1342 διαλλαχθῆτέ
778 1283 814 1338 γε
838 1263 889 1328 καὶ
911 1265 968 1327 τοῦ
991 1261 1134 1341 πολέμου
1158 1261 1340 1338 παύσησθε.
1356 1263 1440 1326 1055

165 1366 253 1451 (lyr.)
272 1365 332 1431 κάν
354 1366 424 1433 ποτ’
447 1367 554 1446 εἰρήνη
579 1367 766 1451 φανῇ,-ἃν
789 1373 882 1454 λάβῃ,
907 1365 1011 1448 μηκέτ’
1038 1369 1151 1452 ἀποδῷ
1191 1365 1237 1448 (11.
1275 1367 1443 1451 ἀποδιδῷ).

166 1475 250 1540 1229
281 1475 322 1551 ἢν
344 1475 421 1552 τοὺς
445 1473 1351 1556 Ἀθηναίους-πείσω,-μεθύοντες-πρεσβεύσομεν.
1377 1543 1381 1554 ,

207 1581 267 1645 Th.
295 1585 357 1647 184
383 1581 744 1670 ἑὰν-ὑπεραποκρίνῃ
780 1585 1023 1663 μου,-σώσεις
1059 1581 1123 1662 ἐμέ,
1155 1583 1212 1646 ubi
1247 1583 1442 1661 ὑπεραποκρ.

162 1708 222 1773 pro
246 1689 410 1772 praesenti
435 1707 565 1771 quoqne
587 1689 703 1754 haberi
726 1694 844 1774 potest.
870 1691 934 1754 269
959 1689 1018 1754 οὔκ
1044 1688 1248 1772 (βαδιοῦμαι),
1273 1687 1312 1767 ἢν
1335 1709 1371 1764 γε
1399 1689 1440 1768 μὴ

165 1797 291 1882 ὀμόσῃς
318 1798 397 1878 ἐμοί.

208 1905 272 1968 668
297 1901 449 1987 (1ῃτ.)ἢν
473 1903 534 1981 γάρ
558 1925 594 1982 με
618 1905 698 1987 λάθῃ
723 1903 848 1984 δράσας
871 1904 1001 1983 άνόσια,
1026 1903 1272 1982 δώσει-δίκην.
1295 1901 1387 1966 Libri
1401 1901 1441 1980 μὴ

164 2012 241 2094 λάθῃ
270 2015 404 2090 „contra
427 2011 618 2074 sententiam
643 2015 676 2073 et
698 2013 869 2089 metrum“‚
893 2016 930 2074 ut
965 2011 1011 2072 ait
1045 2009 1201 2092 Engerus,
1238 2009 1292 2090 qui
1326 2009 1446 2094 probat

164 2117 297 2204 Bergkii
321 2117 567 2200 Fritascheique
592 2118 824 2182 correctionem
860 2140 898 2198 με
922 2119 1033 2199 itaque
1056 2117 1296 2199 interpretatur:
1324 2115 1442 2195 „Vide-

165 2233 212 2290 tur
236 2227 324 2289 enim
348 2226 404 2306 qui
429 2225 513 2288 clam
537 2244 571 2288 se
595 2225 721 2308 aliquid
744 2225 814 2289 fleri
839 2230 938 2304 vetat,
955 2226 1042 2289 idem
1060 2243 1170 2288 coram
1186 2243 1220 2287 se
1236 2211 1450 2314 fleriiubere,'

167 2337 248 2398 certe
271 2352 337 2397 non
361 2334 558 2416 improbare.
583 2331 628 2396 At
651 2333 770 2398 ἀνόσια
794 2339 873 2412 δρᾶν
896 2334 927 2396 h.
951 2334 973 2396 l.
997 2331 1080 2396 nihil
1102 2331 1193 2396 aliud
1216 2337 1265 2395 est
1288 2350 1386 2413 quom
1411 2334 1444 2395 in

169 2441 455 2524 Tnesmophorium
477 2443 682 2524 penetrare“.
699 2439 790 2523 Quis,
807 2459 939 2522 quaeso,
956 2443 1038 2505 haec
1055 2439 1237 2523 intelleget?
1247 2440 1315 2523 Ipsi
1332 2445 1443 2503 aucto-

171 2568 211 2612 res
233 2554 355 2627 autem,
380 2547 542 2632 Bergkius
565 2547 845 2630 Fritnscheusque‚
871 2550 911 2613 de
935 2571 1028 2613 sensu
1051 2548 1228 2632 prudenter
1245 2553 1361 2612 tacent.
1377 2547 1442 2611 En·

165 2657 227 2740 geri
251 2654 505 2739 explicationem
527 2654 590 2718 nisi
615 2655 802 2718 coniectura
826 2656 955 2738 assequi
977 2676 1042 2719 non
1076 2675 1217 2739 possum:
1253 2657 1300 2718 ita
1335 2655 1442 2719 locum

164 2763 350 2846 intellegere
373 2759 512 2839 videtur,
538 2763 631 2844 quasi
653 2762 813 2847 mulieres,
838 2763 879 2827 ab
905 2783 954 2840 eo,
991 2764 1047 2846 qui
1081 2764 1115 2825 in
1147 2763 1442 2848 Thesmophorin‘m

163 2873 244 2939 clam
269 2893 304 2937 se
326 2874 557 2958 penetraverit
581 2894 721 2958 poenam
744 2895 778 2938 se
803 2875 998 2958 repetiturus
1020 2876 1219 2952 minitentur,
1245 2875 1285 2938 ab
1311 2895 1360 2952 eo,
1386 2876 1441 2955 qni

163 2981 247 3046 idem
270 3001 304 3045 se
328 2981 504 3045 scientibus
527 2983 649 3060 fecerit,
673 3003 738 3046 non
761 2983 966 3065 repetituras.
992 2980 1086 3064 Quod
1116 2987 1181 3044 tam
1215 2982 1358 3064 ineptum
1383 2987 1442 3060 est,

163 3089 274 3151 utrix
298 3087 430 3152 credam
453 3109 505 3152 me
529 3095 617 3152 recte
640 3089 847 3154 intellexisse.
880 3089 949 3154 Neo
979 3095 1087 3153 tamen
1123 3087 1219 3152 aliter
1250 3089 1341 3152 locus
1367 3110 1440 3152 cnm

162 3195 217 3258 illa
240 3195 429 3258 coniectura
452 3198 559 3280 accipi
582 3217 677 3280 posse
698 3197 836 3263 videtur:
862 3219 938 3262 nam
963 3197 1203 3281 simplicissima
1239 3199 1307 3260 eius
1343 3197 1440 3259 inter·

160 3303 300 3388 prelatio
323 3323 389 3367 non
412 3303 517 3368 minus
541 3306 653 3391 inepta
676 3312 732 3370 est:
760 3309 806 3386 „si
836 3308 955 3390 fugerit
989 3305 1216 3388 monetarius
1251 3303 1307 3368 ille
1330 3307 1439 3382 homo,

160 3429 283 3493 poenas
307 3407 431 3474 debite
456 3409 573 3492 ltaque
596 3434 634 3491 με
657 3415 737 3498 λάθῃ
762 3411 851 3476 nullo
875 3419 972 3496 pacto
997 3415 1039 3477 ab
1057 3411 1278 3494 Aristophane
1312 3412 1440 3495 proiec-

161 3521 226 3580 tum
250 3517 410 3581 existimo.
434 3515 607 3621 Librorum
631 3539 709 3585 vero
733 3520 831 3584 lectio
856 3523 897 3600 μὴ
922 3521 1013 3604 λάθῃ,
1040 3537 1124 3602 quae
1148 3525 1181 3582 et
1203 3517 1390 3584 Fritzscheo
1409 3523 1441 3582 et

159 3779 244 3848 enuit
263 3779 364 3849 ἐκείνῃ,
385 3780 477 3838 altera
495 3783 571 3850 quod
590 3787 639 3838 Ar.
659 3800 749 3852 neque
769 3799 914 3842 caesuram
932 3783 1091 3852 neglexisse
1122 3783 1364 3854 videnturusque
1384 3783 1440 3838 dno

158 3885 256 3926 remus
275 3876 334 3926 tam
353 3868 439 3926 simili
458 3870 542 3926 modo
561 3873 728 3929 terminasse
748 3875 810 3927 εἶτα
828 3879 918 3942 οαυτῃ
939 3877 1067 3940 παρῆκας
1086 3873 1165 3942 αὺτῃ.
1187 3876 1281 3940 Atque
1302 3872 1358 3928 hoc
1378 3871 1440 3942 qni·

158 3959 220 4015 dem
240 3959 356 4014 tertium
374 3949 500 4017 rasitare
519 3962 565 4016 six
585 3961 688 4017 attinet
705 3961 753 4032 (ci.
781 3964 811 4018 P.
831 3964 959 4032 896-7),
984 3963 1019 4018 (le
1039 3963 1131 4018 altero
1152 3961 1227 4032 qnod
1257 3976 1376 4019 caesura
1411 3961 1439 4016 in

159 4053 328 4104 tetrametro
347 4048 467 4104 iambico
487 4066 543 4105 non
562 4053 724 4107 necessaria
742 4059 794 4123 est,
813 4053 851 4108 ad
880 4052 999 4110 Christli
1030 4052 1176 4109 metricam
1206 4053 1221 4122 ξ
1247 4053 1300 4106 377
1320 4050 1398 4120 (edit.
1416 4051 1442 4120 1)

159 4136 280 4194 lectores
298 4139 404 4208 relege
424 4139 458 4194 tle
476 4141 643 4208 pronomine
664 4143 749 4207 αὐτός
769 4148 865 4198 autem
884 4143 946 4211 ipse
966 4142 1080 4199 docebo.
1111 4142 1148 4198 Ut
1175 4141 1204 4195 in
1231 4139 1284 4196 illo
1303 4137 1440 4207 Equitum

159 4241 254 4295 seran,
272 4241 355 4296 qnam
374 4243 462 4298 supra
482 4229 578 4301 attuli,
596 4232 764 4300 pronomina
782 4234 817 4286 nt
837 4239 866 4288 et
894 4231 943 4286 όδε
972 4236 1091 4303 propter
1121 4229 1329 4300 oppositionem
1359 4229 1441 4286 nobis

160 4317 322 4374 receneris
341 4315 483 4388 ridentur,
502 4319 620 4377 Graecia
642 4337 699 4377 non
717 4322 877 4379 necessaria
896 4319 1020 4392 luerunt,
1040 4320 1082 4378 tta
1101 4320 1156 4376 hoe
1175 4319 1248 4388 loco,
1281 4319 1328 4374 ubi
1352 4335 1441 4389 oppo-

160 4404 225 4460 sitio
245 4419 301 4459 nnn
320 4409 378 4460 tarn
397 4405 481 4462 fortis
499 4414 551 4476 est,
570 4411 639 4478 αὐτῇ
659 4424 712 4479 pro
733 4409 823 4478 ἐκελνῃ
844 4410 951 4466 (lictum
979 4409 1063 4465 facile
1091 4408 1161 4465 terri
1188 4414 1292 4479 potest.
1322 4408 1384 4477 Qus
1412 4409 1441 4464 ln

161 4506 192 4546 rs
207 4506 251 4547 me
275 4491 423 4552 confirmat
437 4494 519 4551 loeus
538 4497 571 4550 V.
593 4501 661 4554 1419
680 4497 737 4561 ἐγὼ
764 4499 818 4566 γάρ
847 4498 918 4565 ὑπὲρ
948 4498 1071 4551 αὐτοῦ
1105 4499 1185 4564 δΙιτην
1204 4497 1304 4563 δ1δοιμ1
1323 4510 1378 4564 σοι,
1394 4495 1442 4552 ubl

162 4581 249 4636 auno
270 4587 299 4636 st
318 4581 374 4647 tro
393 4583 468 4640 inter
487 4600 517 4642 se
534 4587 642 4657 opponi
663 4587 755 4656 quiris
772 4587 856 4643 videt.
878 4585 919 4643 Of.
939 4589 973 4643 A.
995 4589 1062 4644 10⁰1
1081 4583 1119 4641 ἵν’
1138 4587 1237 4658 αὺτῃ
1261 4587 1302 4641 διδ
1323 4585 1405 4658 μόνῃ.
