3466 5406
849 457 1016 520 ..28-

292 619 352 681 169
378 619 517 696 εἰράναν,
542 618 643 684 Thuc.
670 619 699 694 5,
728 619 767 681 18
793 623 825 681 et
848 621 889 679 47
914 619 1071 696 σπονδάς,
1096 617 1191 681 Ρ1ηι1.
1228 616 1280 682 01.
1320 621 1348 694 7,
1386 619 1426 682 53
1455 617 1572 696 σοφία,

288 724 440 806 Aeschyl.
465 725 527 807 Ag.
554 727 595 787 95
619 726 837 803 παρηγορίαις.
863 725 941 788 Eur.
967 724 1078 807 Suppl.
1106 727 1189 788 1029
1215 725 1338 804 αὔραις,
1367 724 1515 810 philem.
1541 727 1573 798 4,

290 836 331 897 37
354 829 430 920 (10)
452 833 496 896 Μ.
522 833 631 911 φύσιν.
657 833 771 915 (Plat.)
796 833 858 915 Ep.
883 831 974 895 VIII.
1001 835 1065 896 355
1090 835 1117 895 E
1138 837 1247 917 γνώμη
1273 839 1333 897 etc.
1359 834 1475 915 Itaque
1496 853 1573 914 par-

289 940 422 1003 ticulam
446 941 486 1016 ἤν
511 944 543 1002 et
567 939 771 1003 accusativos
795 938 971 1003 servandos
994 959 1170 1021 versusque
1205 960 1264 1022 pro
1289 939 1490 1004 dochmiacis
1514 941 1574 1001 ha·

289 1045 413 1110 bendos
437 1045 597 1107 existimo.
621 1044 672 1108 De
697 1044 808 1107 tormis
833 1043 1057 1109 dochmiorum
1081 1048 1115 1109 in
1138 1047 1188 1110 his
1212 1049 1358 1111 versibus
1392 1067 1423 1107 ν.
1453 1044 1574 1110 Christ.

289 1155 382 1217 Metr.
406 1173 438 1234 p.
464 1153 528 1214 458
554 1157 584 1214 et
612 1153 677 1213 460
702 1151 751 1214 ed.
776 1152 802 1215 Ι.

336 1262 398 1322 977
436 1261 538 1341 (hex.)
571 1261 791 1340 κᾶν-ποιῇς
813 1263 923 1334 ταῦτα,
942 1295 970 1306 -
993 1259 1325 1338 αἰετὸς-γενήσεαι,
1350 1261 1407 1324 ubi
1431 1257 1575 1324 Cobetus

289 1369 417 1449 epicum
457 1367 515 1444 κῇν
550 1387 609 1448 pro
650 1367 748 1429 attico
789 1365 847 1431 κάν
883 1372 915 1429 et
950 1369 1105 1429 aoristum
1140 1365 1282 1448 ποιήσῃς
1313 1386 1373 1449 pro
1407 1367 1575 1448 praesenti

288 1478 386 1554 ποιῇς
408 1474 522 1555 reponi
546 1474 647 1536 iubet.
677 1473 860 1553 Utrumque
894 1473 976 1536 mihi
1004 1474 1118 1536 inutile
1142 1453 1281 1536 videtur.
1317 1471 1403 1535 Nam
1427 1474 1455 1535 si
1478 1477 1576 1554 ποιῇς

289 1587 403 1643 contra
440 1580 576 1644 Homeri
614 1601 706 1642 usurn
731 1582 922 1644 contrahere
956 1581 1091 1663 (Krueg.
1125 1579 1169 1656 II,
1204 1583 1256 1657 34,
1281 1580 1315 1662 4)
1340 1585 1374 1644 et
1397 1580 1577 1662 diphthon-

289 1707 330 1770 go
359 1693 509 1769 correpta
532 1688 642 1751 Attice
667 1686 776 1750 dicere
798 1689 915 1769 potuit,
953 1708 1010 1750 cur
1044 1687 1102 1752 κᾶν
1136 1707 1201 1750 non
1228 1685 1350 1770 potuit?
1380 1686 1449 1749 Nec
1482 1687 1576 1762 ποιή-

291 1810 352 1878 σῃς
376 1797 594 1857 necessarium
618 1813 686 1858 esse
711 1794 804 1857 duco.
835 1795 921 1858 Nam
946 1814 1144 1878 quamquam
1175 1797 1271 1875 ποιῇς
1302 1793 1342 1857 de
1372 1813 1438 1855 una
1470 1795 1575 1856 actio-

289 1921 330 1965 ne
355 1919 458 1981 eaque
483 1900 693 1963 antecedente
716 1901 907 1982 primariam
932 1901 1054 1965 dictum
1079 1905 1268 1979 esttamen
1299 1919 1372 1963 cum
1396 1900 1492 1964 aliter
1515 1901 1575 1963 illa

290 2008 440 2071 doctrina
464 2006 639 2069 admodum
662 2007 790 2070 lubrica
814 2014 871 2085 cst,
895 2013 932 2071 ut
955 2029 1053 2091 supra
1076 2009 1226 2085 vidimus
1251 2013 1287 2071 ut
1309 2027 1406 2090 saepe
1441 2013 1576 2089 praeter

290 2116 564 2197 exspectationem
587 2133 740 2196 praesens
764 2117 810 2179 ibi
834 2117 1049 2194 inveniamus,
1081 2117 1137 2180 ubi
1160 2117 1254 2179 nobis
1279 2113 1409 2196 quidem
1434 2117 1575 2179 aorIstus

290 2224 399 2304 aptior
421 2221 559 2298 videtur,
590 2227 656 2284 turn
680 2223 713 2284 in
736 2241 832 2286 versu
864 2225 957 2305 epico
992 2243 1145 2305 praesens
1180 2243 1217 2287 eo
1252 2224 1356 2306 magis
1391 2229 1574 2298 excusatur,

205 2351 208 2360 ¹
291 2329 379 2409 quod
401 2329 509 2410 poesis
534 2330 628 2410 epica
651 2330 821 2406 actionem,
846 2337 883 2392 ut
905 2331 953 2392 ita
977 2330 1095 2407 dicam,
1132 2331 1308 2412 depingere
1338 2327 1575 2410 durantemque

290 2437 397 2498 facere
421 2436 512 2500 solet.

336 2543 401 2604 988
426 2543 528 2624 (hex.)
553 2545 666 2622 φείδου
692 2545 790 2622 μηδὲν
814 2540 886 2621 μηδ’
911 2544 1016 2608 αἰετοῦ
1035 2546 1070 2607 ἐν
1086 2547 1270 2625 νεφέλῃσιν,
1288 2539 1359 2621 μήτ’
1375 2544 1415 2621 ἢν
1428 2543 1575 2620 Λάμπων

290 2649 310 2727 ἦ
325 2651 393 2728 μήτ’
407 2651 447 2727 ἢν
460 2685 503 2697 —-
515 2651 700 2728 Διοπείθης.
727 2651 811 2714 1035
826 2650 883 2715 ἐὰν
898 2685 935 2697 -
952 2650 1041 2729 ἀδικῇ
1057 2651 1229 2720 (sententia
1245 2650 1403 2731 primaria
1419 2667 1484 2712 non
1495 2669 1574 2730 pro·

291 2756 359 2819 lata
383 2760 455 2835 est).
476 2759 559 2820 1010
581 2757 754 2834 ἐάν-τις
768 2757 917 2838 ἐξελαύνῃ
932 2758 1009 2835 τοὺς
1021 2755 1180 2839 ἄρχοντας
1204 2759 1255 2820 καὶ
1268 2759 1307 2834 μὴ
1333 2758 1460 2832 δέχηται
1478 2755 1575 2839 (apo-

293 2862 379 2927 dosis
402 2885 467 2927 uon
489 2865 618 2946 prolata
642 2868 716 2934 est).
733 2863 1188 2947 1111’(1ι.)κᾶν-’άρπάσαι
1204 2863 1365 2940 βούλησθέ
1381 2884 1418 2938 τι,
1431 2862 1574 2940 -1ερα-

292 2973 403 3036 κίσκον
415 3007 460 3018 --
472 2972 545 3050 ὑμῖν
561 2973 711 3049 δώσομεν
729 2968 883 3052 (repetita
896 2970 1008 3040 actio).
1027 2973 1111 3034 1113
1127 2970 1195 3051 (tr.)
1213 2969 1308 3046 ἣν-
1321 2973 1476 3046 δειπνῆτε,
1493 2989 1575 3047 πρη-

290 3083 441 3156 γορῶνας
465 3077 513 3154 (II.
537 3081 781 3156 πρηγορεῶνας;
805 3099 837 3139 ν.
857 3077 1008 3159 Rumpel.
1022 3077 1055 3140 in
1067 3076 1233 3159 Philologi
1246 3097 1277 3137 ν.
1293 3077 1344 3152 28,
1358 3093 1390 3157 p.
1405 3075 1484 3155 433)
1497 3076 1573 3154 ὑμῖν

290 3186 458 3263 πέμψομεν
493 3185 645 3267 (repetita
669 3186 780 3263 actio).
814 3187 899 3248 1534
924 3186 964 3262 μὴ
990 3182 1174 3260 σπένδεσθ’,
1200 3184 1256 3248 ἐὰν
1281 3182 1321 3261 μή
1346 3187 1510 3265 παραδιδῷ
1535 3184 1573 3246 τὸ

292 3295 457 3369 σκῆπτρον
481 3289 499 3354 ὁ
524 3292 606 3370 Ζεὺς
628 3329 658 3339 -
675 3295 726 3355 καὶ
749 3293 807 3369 τὴν
832 3291 1001 3355 Βασίλειάν
1025 3306 1079 3355 σοι
1102 3290 1226 3366 γυναῖκ’
1252 3289 1333 3368 ἔχειν
1360 3293 1447 3372 διδῷ,
1486 3290 1573 3351 1598

292 3399 452 3474 ἐθέλομεν,
466 3400 580 3464 -έὰν
603 3400 640 3463 τὸ
665 3399 839 3462 δίκαιον-
854 3399 982 3474 ἐθέλητε
1017 3401 1107 3475 δρᾶν,
1145 3396 1292 3472 σπονδάς
1320 3398 1491 3470 ποιεῖσθαι,
1516 3396 1573 3457 ubi

291 3506 328 3569 τὸ
353 3524 412 3585 pro
436 3527 463 3569 τι
488 3505 636 3568 codicum
661 3525 678 3568 e
703 3505 897 3568 scholiastae
922 3505 1198 3586 interpretatione
1219 3504 1364 3584 reposuit
1389 3501 1573 3577 ElmsleiuS,

291 3630 332 3674 ne
357 3618 566 3693 anapaestum
591 3613 743 3676 enclitica
766 3612 927 3675 ordiretur
951 3621 996 3691 (ν.
1010 3611 1202 3674 Bernhardi.
1223 3630 1255 3693 p.
1273 3612 1361 3689 262).
1378 3609 1448 3672 Nec
1465 3614 1573 3672 tamen

292 3723 374 3783 haec
397 3720 495 3783 lectio
521 3723 608 3782 omni
632 3722 815 3802 suspicione
839 3720 943 3783 libera
967 3727 1024 3796 est,
1062 3740 1134 3781 cum
1169 3720 1203 3781 in
1237 3717 1383 3798 sequenti
1408 3736 1503 3778 versu
1527 3717 1574 3778 le-

291 3835 387 3911 gatur
409 3827 545 3909 pluralis
568 3830 607 3891 τά
631 3829 666 3891 δέ
690 3823 780 3891 δίκαι’
806 3829 893 3891 ἐστὶν
915 3827 994 3890 ταδί.
1020 3823 1128 3906 Quare
1152 3826 1286 3887 fortasse
1310 3845 1383 3886 cum
1399 3823 1573 3904 Blaydesio

292 3936 514 4019 reponendum
537 3938 576 4000 τὰ
599 3936 702 3998 δίκαιά
725 3935 765 4011 γ’.

342 4047 422 4108 1601
451 4044 509 4108 κᾶν
531 4043 576 4122 (11.
603 4043 667 4125 καὶ)
702 4043 958 4119 διαλλαττώμεθα
987 4043 1035 4107 ἐπὶ
1069 4044 1192 4116 τοῖσδε,
1224 4041 1301 4118 τοὺς
1335 4040 1486 4117 πρέσβεις
1523 4038 1572 4103 ἐπ’

294 4154 425 4231 ἄριστον
450 4154 547 4216 καλῶ.
572 4151 635 4214 Hic
659 4151 789 4213 videtur
813 4168 880 4212 esse
905 4167 1014 4210 sensus
1037 4147 1216 4229 praesentis
1243 4147 1499 4222 διαλλαττώμεθα
1526 4143 1574 4222 ,si

293 4263 378 4323 iuter
400 4282 458 4324 nos
483 4261 685 4336 couveniet“,
710 4261 740 4320 h.
768 4277 795 4320 e.
820 4259 869 4343 „si
894 4258 959 4318 iam
983 4257 1017 4317 in
1041 4275 1079 4318 eo
1105 4255 1175 4331 erit,
1201 4259 1236 4316 ut
1251 4273 1367 4334 pacem
1383 4253 1572 4330 faciamns“;

294 4386 358 4447 quo
384 4367 490 4431 differt
514 4369 555 4430 ab
581 4368 700 4430 aoristo
725 4368 932 4444 διαλλαχθῆτε
955 4363 990 4425 L.
1017 4364 1090 4424 900.

342 4478 426 4540 1610
441 4478 498 4540 ἐὰν
510 4511 553 4523 —-
565 4477 641 4553 τοὺς
666 4471 754 4550 ὄρνις
768 4472 858 4552 ἔχητε
875 4472 1072 4550 συμμάχους,
1087 4505 1128 4516 -
1143 4468 1161 4531 ὁ
1179 4469 1276 4546 κόραξ
1289 4501 1332 4514 -
1344 4467 1574 4544 τούπιορκοῦν-

293 4602 351 4660 τος
363 4617 407 4628 -
420 4583 549 4660 ἐκκόψει
561 4584 619 4646 τὸν
632 4577 812 4661 ὀφθαλμόν.
830 4579 914 4644 1616
928 4578 984 4643 ἐάν
996 4597 1051 4654 τις,
1066 4611 1109 4622 -
1121 4575 1239 4653 ἱερεῖον
1253 4609 1291 4622 -
1307 4572 1486 4651 εὐξάμενος,
1507 4572 1574 4636 εἶτα
