3466 5406
696 459 877 522 ...ηρ-

137 618 219 681 sito“
244 618 271 681 ⁴.
296 615 387 682 Haeo
412 623 460 682 est
487 638 595 696 eausa,
631 638 732 701 quare
767 619 942 702 Remigius,
978 638 1075 701 quem
1113 621 1260 702 sequitur
1296 621 1420 686 Meine-

136 727 227 804 kaus,
253 727 440 790 coniecerit:
465 727 507 804 μὰ
529 729 588 805 τὴν
610 724 754 806 Δήμητρ’
780 727 831 802 ἔτ’,
855 730 881 791 εἰ
909 733 986 805 κτλ,
1026 747 1225 810 quamquam
1249 731 1318 812 ipse
1346 749 1423 794 eon·

136 833 232 910 cedit,
258 834 284 898 εἰ
308 838 342 897 et
364 834 404 912 ἤν
424 833 603 914 particulas
627 854 648 896 a
670 835 813 899 librariis
836 855 1068 916 nonnunquam
1105 843 1306 919 permutatas
1341 857 1420 902 esse.

137 939 233 1022 Quod
257 942 285 1002 si
308 941 356 1003 ita
379 947 440 1016 σοι,
462 939 541 1020 quid
564 945 613 1004 est
636 961 694 1004 our
717 947 898 1005 ceterorum
923 942 1072 1005 oodioum
1110 945 1255 1026 optimae
1289 943 1423 1008 leotioni

137 1055 373 1130 anteponamus
395 1047 599 1112 Ravennatis
622 1049 806 1126 lectionem,
830 1049 935 1114 bisin
958 1069 1022 1112 uno
1046 1069 1143 1113 versu
1167 1052 1209 1114 ab
1238 1050 1422 1114 Atticorum

137 1175 195 1222 usn
223 1154 447 1220 recedentem?
472 1153 598 1236 „Quem
622 1157 657 1218 in
680 1157 758 1238 ipsis
781 1157 956 1236 Equitibus
979 1156 1149 1239 indignum
1179 1176 1248 1222 esse
1282 1178 1422 1240 praepo·

138 1265 216 1328 tenti
250 1265 315 1327 ista
339 1263 508 1346 dignitate,
534 1282 618 1344 quae
654 1264 685 1326 ei
711 1264 818 1326 adhue
852 1284 872 1326 a
901 1265 984 1326 uiris
1020 1264 1124 1326 doetis
1151 1264 1262 1328 addici
1285 1266 1421 1342 soleat“,

135 1391 238 1455 nuper
260 1371 516 1435 luculentissime
540 1371 775 1434 demonstravit
810 1371 976 1434 Sohnaeus
1014 1367 1082 1456 (De
1116 1371 1173 1436 Ar.
1206 1371 1300 1434 oodd.
1326 1391 1421 1454 oapp.

135 1480 209 1556 duo,
236 1497 271 1562 p.
298 1477 354 1561 14)
378 1483 491 1542 eontra
515 1479 748 1561 Bamberginm
770 1480 923 1554 maxime,
947 1479 996 1541 uti
1019 1479 1160 1556 videtur,
1185 1480 1318 1562 quitDe
1335 1479 1420 1544 Rav.

135 1593 167 1650 et
188 1587 273 1650 Ven.
296 1585 354 1650 Ar.
380 1585 486 1662 codd,
509 1605 541 1667 p.
569 1586 623 1668 14)
651 1586 789 1664 „Veneti
813 1587 1040 1649 auctoritatem
1064 1587 1099 1648 in
1121 1587 1295 1667 Equitibus
1324 1586 1421 1669 longe

134 1694 283 1777 superari
314 1692 519 1756 Ravennatis
542 1694 769 1768 auctoritate“‚
792 1711 965 1775 perperam
989 1694 1154 1758 docuerat.
1185 1693 1337 1776 Regnare
1360 1695 1421 1776 igi-

136 1814 185 1866 tur
212 1803 320 1880 debat,
350 1809 386 1866 ut
409 1808 496 1865 reete
519 1802 607 1866 idem
630 1801 806 1878 Sohnaeus‚
829 1803 863 1864 in
886 1808 956 1864 arte
991 1803 1107 1865 eritiea
1137 1802 1317 1865 factitando
1351 1803 1422 1866 sola

135 1911 230 1974 ratio.

176 2015 270 2080 Alter
294 2017 385 2080 loeus
408 2023 456 2079 est
478 2017 516 2078 P.
541 2018 606 2078 450
630 2016 678 2079 κεῖ
700 2017 853 2094 τις--μη
889 2017 1039 2094 ξυλλάβη,
1076 2017 1126 2080 ἐπὶ
1159 2017 1216 2080 τοῦ
1247 2017 1366 2094 τροχοῦ
1390 2014 1419 2090 γ’

135 2125 268 2203 ἕλκοιτο,
293 2124 349 2188 ubi
375 2124 444 2185 sine
468 2122 567 2186 dubio
592 2122 799 2184 scribendum
823 2127 871 2184 est
894 2122 1054 2200 ξυλλάβοιε
1089 2143 1166 2185 nam
1192 2144 1223 2186 σι
1256 2127 1289 2185 et
1311 2144 1329 2204 η
1350 2139 1421 2184 sex·

136 2235 253 2296 centies
277 2233 313 2296 in
335 2231 428 2296 libris
450 2235 685 2312 permutantur,
709 2229 896 2292 huiusmodi
919 2235 1028 2292 autem
1052 2232 1242 2306 sententiae,
1267 2235 1365 2311 aptae
1381 2247 1421 2292 ex

138 2343 280 2422 optativo
303 2339 359 2402 vel
383 2338 450 2400 alia
472 2339 586 2413 forma,
611 2356 677 2418 qua
699 2345 811 2400 votum
836 2337 1009 2412 indieatm,
1034 2338 1138 2400 solent
1164 2339 1257 2420 ipsae
1289 2356 1419 2418 quoque

142 2449 279 2527 optativo
317 2446 479 2508 enuntiari
515 2447 608 2508 utin
630 2445 670 2508 A.
696 2449 771 2509 476.
793 2445 831 2506 Ε.
857 2445 933 2508 694.
968 2444 1006 2506 Ρ.
1036 2447 1129 2508 1072.
1165 2445 1201 2508 1.
1241 2447 1318 2508 235.
1343 2445 1418 2508 236.

145 2549 204 2631 (rr.
233 2551 324 2634 105);
355 2550 419 2616 Av.
443 2554 520 2615 447.
554 2551 647 2614 Idem
682 2552 716 2614 in
752 2550 985 2632 temporalibus
1020 2557 1053 2612 et
1084 2551 1241 2613 relativis:
1270 2551 1308 2612 Ε.
1346 2551 1418 2614 134.

143 2657 175 2718 V.
200 2661 294 2723 1431.
319 2659 357 2722 Ρ.
383 2660 436 2735 32,
462 2659 517 2739 qui
541 2658 635 2721 loeus
657 2664 767 2722 nostro
792 2657 975 2720 simillimus
1009 2663 1066 2720 est:
1102 2677 1178 2722 nam
1210 2659 1264 2722 hio
1289 2676 1421 2738 qnoque

136 2765 281 2830 inlibris
304 2766 425 2848 legitur
448 2767 673 2828 coniunctivus
696 2767 797 2846 λάθῃς
820 2784 879 2847 pro
904 2766 1052 2846 optativo
1076 2767 1198 2842 λάθοις,
1235 2765 1323 2846 quod
1351 2766 1419 2828 iam

132 2874 258 2954 pridem
283 2872 373 2936 dedit
396 2872 571 2954 Reisigius.
595 2873 730 2936 Maioris
754 2874 854 2935 etiam
875 2873 1032 2936 momenti
1057 2871 1098 2934 ad
1132 2879 1277 2936 nostrum
1307 2872 1417 2936 lotum

133 2973 179 3040 es't
204 2979 242 3042 P.
269 2980 345 3054 437,
370 2979 427 3042 ubi
450 2978 601 3042 meliores
625 2979 701 3042 libri
725 2976 803 3042 dant
827 2979 1011 3059 optativum
1042 2977 1415 3060 (χῶστις-ξυλλάβοι),

131 3085 309 3150 deteriores
332 3085 574 3148 ooniunotivum
598 3085 775 3168 (ξυλλάβη).
801 3082 1053 3150 Coniunctirum
1081 3104 1155 3148 oum
1179 3084 1219 3149 ἄν
1243 3086 1277 3148 in
1295 3084 1416 3148 talibus

130 3192 178 3254 bis
201 3192 274 3258 vidi
297 3190 385 3272 apud
407 3191 465 3254 Ar.
489 3191 530 3252 A.
556 3193 621 3256 324
646 3197 678 3253 et
700 3190 743 3254 R.
770 3193 844 3254 see.
869 3191 984 3271 Itaque
1011 3193 1044 3254 in
1071 3211 1109 3254 eo
1140 3211 1249 3268 versu,
1285 3192 1324 3256 de
1350 3211 1414 3272 quo

163 3447 178 3478 *
197 3443 254 3498 Sed
274 3441 354 3498 nulla
373 3443 420 3498 lex
440 3443 560 3497 estsine
578 3443 756 3512 exceptione,
777 3451 808 3498 ut
827 3450 870 3498 est
891 3443 921 3496 in
941 3442 1103 3511 proverbio.
1123 3441 1193 3498 Sunt
1213 3445 1285 3499 enim
1303 3445 1415 3513 aliquot

131 3533 194 3605 lori,
214 3533 300 3601 patri
319 3531 363 3585 illi
382 3529 504 3600 quidem,
524 3531 571 3598 qui
591 3531 658 3586 huie
676 3531 733 3600 legi
753 3531 948 3586 adversantur:
968 3530 1039 3584 mibi
1059 3531 1088 3583 in
1104 3539 1240 3600 promptu
1253 3545 1319 3586 suut
1333 3549 1415 3602 prte-

130 3629 173 3677 ter
192 3623 271 3676 buno
290 3628 435 3688 quattuor:
454 3621 488 3676 R
509 3622 578 3674 1350
596 3624 631 3686 νὴ
651 3621 705 3674 Ata
723 3620 758 3690 γ’,
778 3621 826 3675 obi
846 3621 991 3690 particula
1014 3627 1091 3676 recte
1110 3631 1224 3678 remote
1243 3630 1295 3677 est.
1307 3626 1359 3678 Δι.
1381 3629 1411 3680 11

130 3713 189 3768 οὐδ’
212 3714 247 3765 ἂν
268 3712 305 3776 μὰ
325 3711 378 3766 Δία
397 3711 422 3774 γ’
443 3711 574 3764 ἐντεῦθεν
593 3709 795 3778 Ἐξηκεστίδης,
815 3710 891 3777 quod
911 3711 963 3764 alii
982 3710 1040 3764 alio
1062 3709 1144 3764 modo
1165 3719 1362 3780 correxerunt,
1383 3723 1414 3767 ut

130 3803 321 3870 Fritzsehens‚
339 3801 489 3856 Melnekeo
510 3799 659 3870 probatus,
679 3801 716 3862 μὰ
735 3800 779 3853 Δί’
799 3799 970 3861 ἐνγετεῦθεν.
1003 3799 1056 3854 Τδ.
1082 3801 1135 3852 225
1166 3801 1200 3852 ob
1231 3802 1284 3866 γὰρ
1305 3803 1413 3868 μὰτην

129 3891 270 3958 Δήμητρά
286 3887 313 3951 γ’
333 3891 465 3944 ἐνταυθοῖ
486 3891 569 3958 μενῶ,
589 3905 641 3958 pro
662 3905 717 3956 quo
737 3905 811 3944 nuno
830 3903 864 3942 ex
884 3889 1004 3942 Personi
1024 3890 1192 3942 coniectura
1213 3890 1306 3944 solent
1328 3889 1412 3944 edere

128 3979 257 4046 Δήμητρ’
279 3979 320 4032 ἔτ’
341 3979 395 4034 tva.
414 3977 466 4032 Ee.
486 3979 538 4032 748
558 3980 594 4040 μὰ
612 3977 663 4030 τὸν
682 3977 813 4031 Ποσειδῶ
833 3975 858 4039 γ’
882 3975 1024 4046 οὐδέποτ’,
1041 3979 1109 4030 ἀλλὰ
1130 3979 1262 4045 βασανιῶ,
1274 3979 1321 4032 ubi
1336 3977 1411 4033 idem

127 4071 273 4126 Personas
291 4069 385 4122 verbis
404 4067 587 4134 transpositis
606 4067 707 4122 scribit
725 4066 856 4120 Ποσειδῶ
877 4067 1016 4122 οὐδέποτέ
1034 4065 1061 4127 γ’
1075 4066 1153 4120 ἀλλά.
1168 4066 1220 4123 Sed
1236 4077 1411 4135 quantacun·

129 4177 183 4230 qua
202 4163 248 4214 est
267 4157 448 4212 librariorum
468 4155 496 4210 in
515 4157 547 4218 γέ
566 4155 774 4224 interponendo
794 4155 892 4222 libido,
906 4155 986 4210 nelos
999 4170 1061 4210 esse
1079 4154 1151 4210 duco
1167 4157 1249 4212 istius
1263 4157 1334 4226 legis
1348 4175 1412 4225 gra·

130 4252 177 4316 tia,
197 4263 269 4318 quae
288 4249 393 4304 nullam
412 4262 531 4314 prorsus
550 4246 692 4300 rationem
712 4244 842 4300 idoneam
862 4246 976 4313 habeat,
997 4245 1125 4300 codicum
1158 4246 1237 4302 nulla
1266 4263 1300 4302 ex
1327 4257 1410 4318 parte

129 4335 344 4409 vituperandam
364 4337 516 4391 lectionem
536 4343 655 4390 mutere.
675 4335 753 4389 ldem
773 4335 896 4391 sensisse
916 4335 949 4390 G.
963 4335 1163 4406 Hermaouum,
1176 4351 1210 4391 ex
1224 4336 1331 4405 Engeri
1347 4353 1409 4391 ann.

130 4429 163 4482 ad
183 4427 236 4482 Tb.
256 4427 308 4479 225
329 4441 479 4495 cognosco.
497 4423 597 4492 ltaque
618 4426 691 4479 hanc
711 4425 802 4493 legem
822 4424 850 4478 in
870 4424 1033 4480 universum
1054 4423 1166 4492 quidem
1197 4427 1321 4482 uoluisse
1347 4442 1411 4481 eon-

130 4516 206 4584 cedo,
226 4531 339 4583 semper
358 4521 387 4570 et
407 4515 510 4582 ubique
531 4513 709 4570 observatam
729 4531 809 4584 nego.
838 4513 986 4582 Similiter,
1016 4523 1047 4567 ut
1074 4513 1148 4568 inira
1176 4513 1341 4584 ridebimus,
1361 4519 1410 4571 Ar.

128 4607 152 4660 εῐ
170 4621 201 4670 γε
220 4615 249 4662 et
268 4604 315 4657 lvo
333 4619 365 4666 γε
385 4619 450 4658 raro
471 4601 596 4672 quidem,
614 4615 781 4659 nontamen
800 4619 943 4674 nunquam
963 4603 1043 4659 dixit.

1287 4717 1304 4770 2
