3466 5406
729 475 906 534 ..15-

172 651 302 714 tatione.
330 648 474 729 Quorum
497 651 532 711 in
554 649 612 712 illo
638 648 702 712 duo
726 654 851 712 tantum
866 649 996 714 codices
1012 649 1187 714 Ravennae
1201 655 1232 714 et
1244 651 1411 714 Parisinus
1424 651 1456 714 A

169 758 328 840 praebent
352 777 401 833 κα,
428 757 571 838 quinque
596 756 665 833 alii,
697 757 874 837 inquibus
909 755 971 818 dno
996 757 1102 820 bonae
1125 763 1222 821 notae
1257 758 1400 822 Venetus
1423 765 1456 820 ct.

170 865 406 928 Ambrosianus
429 863 473 942 M,
498 865 620 927 liabent
644 885 688 942 κε,
720 884 802 926 nnus
827 863 966 944 deniqne
1001 862 1239 926 Laurentianus
1263 865 1293 926 Δ
1318 885 1381 928 κεν.
1418 863 1455 926 In

170 993 201 1033 v.
227 973 292 1033 ‘210
317 976 427 1034 eutem
451 990 561 1034 omncs
582 970 711 1033 codices
746 971 781 1032 in
816 991 850 1034 κε
886 971 1098 1032 consentiunt.
1134 971 1226 1033 Idem
1262 991 1296 1034 κε
1320 973 1398 1033 item
1421 973 1454 1032 in

172 1077 304 1142 oraculo
327 1077 457 1160 legitur,
481 1083 638 1158 utsupra
662 1076 740 1154 dixi,
764 1079 798 1138 in
832 1078 896 1141 Av.
933 1079 1007 1153 978,
1043 1078 1099 1141 ubi
1136 1079 1178 1141 ab
1203 1078 1383 1142 editoribus
1407 1079 1455 1140 in-

172 1193 295 1248 tactum
318 1184 468 1246 relictum
491 1191 549 1246 est.
574 1179 683 1265 Quare
706 1186 825 1248 mirum
848 1185 987 1261 videtur,
1012 1185 1068 1265 qui
1095 1186 1238 1266 potuerit
1254 1185 1455 1260 Meinekcus‚

171 1291 311 1355 Valseno
334 1293 501 1373 probatus,
527 1291 695 1356 codicibus
718 1293 983 1374 repugnantibus,
1020 1293 1054 1353 in
1090 1313 1119 1353 v.
1145 1293 1210 1355 210
1235 1292 1381 1355 doricum
1406 1314 1454 1368 κα,

169 1397 268 1479 idque
293 1397 402 1460 vocali
426 1403 585 1480 correpta,
610 1399 738 1476 inferre,
762 1397 984 1480 Etymologici
1006 1398 1116 1479 Magni
1150 1400 1344 1461 auctoritate
1380 1419 1454 1461 con·

171 1509 255 1580 fisus,
280 1505 339 1568 nbi
361 1506 546 1568 hievernus
570 1506 616 1566 ita
641 1505 774 1568 affertur
798 1505 908 1586 (Mein,
934 1505 1032 1590 111αεῖ.
1055 1525 1087 1586 p.
1115 1505 1183 1586 53),
1209 1525 1281 1568 cum
1304 1507 1374 1587 ipse
1391 1525 1454 1568 non

171 1613 347 1694 ignoraret,
372 1611 454 1674 alias
477 1633 517 1675 κα
540 1613 607 1675 scre
629 1612 778 1694 produci:
802 1633 879 1674 nam
902 1612 990 1692 qnod
1006 1611 1099 1674 illam
1115 1614 1307 1694 scripturam
1326 1612 1453 1676 defendi

173 1717 252 1781 dicit
275 1719 485 1798 sequentibus
508 1721 546 1783 τὰ
570 1721 627 1797 μὲν
651 1717 728 1794 λόγι’
752 1718 890 1783 αἰκάλλει
914 1738 961 1800 με,
998 1719 1174 1798 inquibus
1208 1720 1378 1780 manifesta
1415 1721 1456 1780 sit

171 1823 213 1887 nd
236 1825 312 1889 αἴκα
337 1824 463 1887 allusio:
489 1845 566 1887 num
585 1827 748 1888 minuetur
764 1825 891 1902 allusio,
914 1826 942 1887 si
958 1825 1028 1889 αἴκε
1043 1823 1282 1906 scripserimus?
1297 1825 1361 1887 Sed
1378 1827 1455 1906 quid

171 1952 202 1992 v.
228 1934 291 1994 201
317 1933 485 2010 faciamus,
510 1935 567 1996 ubi
589 1932 688 2015 longa
712 1933 839 2013 syllaba
861 1939 965 1995 metro
990 1932 1189 2013 postulatur?
1212 1933 1374 2012 Equidem
1393 1934 1455 1996 Pc-

172 2039 233 2102 trio
258 2041 303 2121 (p¹
326 2040 384 2121 61)
409 2045 440 2102 et
463 2039 611 2103 Schnaeo
646 2041 700 2122 (de
737 2041 792 2103 Ar.
829 2040 934 2117 codd,
970 2059 1002 2120 p.
1031 2041 1085 2121 16)
1122 2041 1288 2116 assentior,
1321 2043 1378 2120 qui
1402 2043 1456 2105 κεν

175 2144 379 2209 scribendum
404 2152 544 2210 censent:
568 2167 644 2211 nam
669 2154 701 2211 et
725 2149 820 2230 epioe
843 2168 908 2210 vox
932 2153 989 2224 est,
1014 2153 1046 2210 et
1082 2148 1250 2212 codicibus
1278 2151 1344 2212 fere
1369 2169 1456 2212 com-

173 2257 352 2320 mendatur:
373 2277 450 2319 nam
475 2279 519 2335 κε,
544 2258 634 2338 quod
656 2259 690 2320 in
712 2257 877 2339 plerisque
902 2261 1015 2333 exstat,
1052 2257 1207 2319 facillime
1240 2277 1279 2320 ex
1317 2278 1378 2333 κεν,
1407 2277 1456 2320 sc-

180 2371 291 2444 qnentc
317 2389 338 2443 μ
363 2367 442 2428 oriri
465 2368 581 2447 potuit.
607 2363 703 2446 Quod
728 2367 840 2447 eliqua
864 2385 904 2428 cx
927 2370 1020 2445 parte
1045 2366 1207 2447 scriptura
1231 2365 1354 2428 codicis
1370 2365 1455 2428 Lau-

181 2475 311 2535 rentieni
333 2474 365 2536 Δ
389 2495 443 2538 κεν
467 2474 686 2550 confirmatur,
711 2473 800 2553 quod
825 2480 943 2548 tamen,
967 2477 1003 2533 ut
1038 2472 1073 2533 in
1107 2472 1220 2534 codice
1247 2473 1457 2554 neglegenter

183 2583 292 2663 scripto
318 2589 350 2644 et
373 2581 511 2646 duorum
536 2590 755 2644 correctorum
778 2601 892 2643 manus
927 2585 1071 2661 experto,
1108 2603 1148 2643 ex
1184 2584 1370 2644 coniectura
1398 2601 1456 2643 na·

180 2695 240 2750 tum
265 2710 334 2753 esse
358 2691 463 2772 magis
487 2688 690 2767 crediderim,
715 2709 814 2769 quam
834 2691 1002 2769 antiquam
1026 2690 1200 2753 lectionem
1223 2709 1364 2752 servare.

217 2829 339 2895 Omnes
362 2831 597 2914 particularum
623 2833 896 2896 condicionalium
920 2836 1047 2895 numeri
1070 2835 1132 2896 hac
1161 2835 1273 2898 tabula
1309 2855 1454 2916 compre-

172 2938 364 3002 handuntur:

387 3364 446 3429 κᾶν
470 3364 558 3445 (=et
583 3367 624 3447 si)
635 3412 1088 3426 .....................
1165 3371 1206 3426 50

386 3491 445 3554 κᾶν
467 3491 666 3571 (zeliamsi)
677 3535 1087 3554 ...................
1165 3495 1204 3552 19

388 3619 462 3681 αἴκα
486 3623 518 3680 et
542 3618 610 3681 αἴκε
632 3664 1086 3680 .....................
1186 3620 1203 3676 ‘l

1140 3925 1205 3982 414

228 4411 243 4442 *
263 4411 371 4466 Horum
390 4417 407 4468 3
427 4420 492 4467 sunt
513 4416 624 4479 tdvnep:
646 4420 696 4470 Ar.
717 4384 777 4470 265.
797 4416 829 4470 L.
849 4416 910 4468 466.
931 4416 964 4470 R.
984 4419 1044 4470 570.

207 4500 239 4532 ⁸*
256 4499 396 4556 Horum8
416 4510 481 4557 sunt
500 4505 596 4568 ἤνπερ;
616 4503 649 4558 Ε.
670 4506 731 4558 366.
751 4504 784 4562 λ’,
804 4506 865 4558 536.
885 4509 936 4558 Ar.
956 4507 1016 4560 539.
1038 4505 1064 4558 L.
1085 4507 1145 4558 551.
1168 4504 1221 4557 'lin
1241 4507 1302 4558 926.
1321 4505 1370 4560 Ec.
1393 4508 1454 4558 353.

174 4590 255 4644 1035.
276 4589 318 4644 Pl.
337 4593 398 4648 859.
