3468 5390
842 415 1019 475 ..ρει-ι

289 578 379 660 (lyr.)
404 576 541 659 εί-τῳ
566 576 607 653 μὴ
631 577 723 651 σῖτος
738 573 873 650 -έστι,
899 572 1008 650 βόσκει
1032 571 1060 633 δ’
1097 570 1347 647 οἰκέτας-ἔστι
1381 568 1458 646 παρ’
1491 569 1569 647 ἐμοῦ

288 686 398 763 λαβεῖν
431 682 568 759 πυρίδια.
607 681 691 743 1219
728 678 874 744 εί-δεῖ
908 680 1004 743 τοῦτο
1032 675 1571 753 δρᾶν-προσταλαιπωρήσομεν

289 791 336 874 (ll.
362 786 778 869 προσταλαιπωρήσαιμεν).
1517 777 1519 790 ’

331 897 393 960 Th.
419 897 482 959 216
507 893 625 972 πρᾶττ’,
645 894 673 957 εἴ
697 907 751 957 σοι
774 892 825 975 (11.
852 892 947 974 εἴσω)
974 895 1072 954 δοκεῖ.
1090 893 1154 952 234
1171 890 1196 953 εἰ
1214 893 1312 967 δοκεῖ,
1327 890 1422 968 φέρε.
1441 891 1571 952 343-7

287 1009 306 1083 ἢ
334 1005 444 1085 μοιχὸς
469 1004 565 1080 εἴτις
590 1000 835 1082 έξαπατᾷ,-κεῖ
856 1020 904 1076 τις
929 999 1192 1075 κάπηλος-τοῦ
1209 995 1394 1077 χοὸς-66
1429 997 1573 1076 νόμισμα

288 1111 531 1188 διαλυμαίνεται,
567 1113 673 1184 κακῶς
707 1107 887 1170 ἀπολέσθαι
930 1105 1255 1186 τοῦτον-ἀρᾶσθε,
1288 1108 1353 1167 470
1391 1107 1475 1182 μισῶ
1515 1104 1575 1167 τὸν

289 1215 468 1295 άνδρ’,-εἰ
484 1216 523 1292 μὴ
549 1213 706 1290 μαίνομαι.
731 1212 794 1274 497
821 1210 1059 1287 εἰ-Φαίδραν
1084 1213 1233 1293 λοιδορεῖ,
1258 1209 1333 1288 ἡμῖν
1348 1211 1376 1274 τί
1390 1209 1478 1274 τοῦτ’
1496 1209 1575 1286 ἔστη

336 1326 399 1388 636
426 1322 511 1404 (tctr.
536 1319 653 1400 iamb.)
677 1319 703 1382 εἰ
723 1321 779 1397 μὲν
805 1317 863 1380 οὖν
887 1317 967 1394 τίσις
990 1318 1037 1394 τίς
1061 1318 1127 1381 ἐστ’
1146 1319 1180 1381 ἐν
1195 1317 1444 1396 ἡμῖν,-ταάτης
1458 1313 1578 1393 ἀποψι-

289 1435 439 1510 λώσομεν
462 1430 519 1492 τὸν
542 1431 663 1506 χοῖρον,
689 1444 774 1505 quae
796 1424 895 1486 lectio
919 1423 1060 1487 Valseno
1100 1424 1245 1499 θυραίοις
1282 1424 1422 1488 codices:
1461 1423 1488 1486 εἰ
1521 1423 1577 1498 μὲν

289 1539 349 1604 οὖν
372 1538 418 1614 τίς
442 1538 529 1601 ἐστὶν
552 1534 578 1598 εἰ
598 1535 634 1596 δὲ
658 1534 698 1610 μὴ
722 1531 821 1610 ἡμεῖς
846 1531 936 1612 quod
959 1549 1059 1612 quam
1083 1532 1181 1614 longe
1205 1533 1291 1594 absit
1314 1551 1335 1594 a
1350 1531 1484 1594 Valseni
1502 1549 1579 1592 con·

286 1651 422 1723 iectura,
444 1661 540 1706 nemo
564 1660 630 1702 που
651 1638 754 1702 videt.
777 1637 950 1702 Librorum
971 1637 1156 1713 lectionem,
1180 1639 1331 1724 quamvis
1369 1639 1456 1700 mira
1479 1637 1576 1700 uobis

287 1753 448 1826 videatur,
471 1751 561 1811 recte
582 1765 616 1808 se
638 1745 762 1810 habere
785 1743 937 1825 equidem
964 1739 1132 1822 existim0;'
1149 1743 1439 1825 ininterpretandc
1466 1741 1579 1806 autam

290 1861 487 1924 scholiastae
511 1854 633 1919 codicis
656 1851 859 1914 Ravennatis
893 1851 940 1934 (et
973 1851 1177 1934 Fritzscheo)
1214 1853 1382 1929 assentior,
1412 1853 1472 1932 qui
1496 1851 1580 1913 illud

289 1973 335 2046 τὶς
358 1969 406 2030 ita
429 1963 580 2046 explicat:
605 1961 874 2037 συντιμωρεῖσθαι
897 1959 996 2023 αὐτὸν
1022 1960 1213 2038 βουλόμεναι
1227 1962 1324 2041 (-νη
1341 1947 1579 2038 Fritzscheus)‚

291 2075 397 2150 ἐπειδὴ
423 2073 473 2135 ἐπὶ
496 2071 620 2146 σκηνῆς
644 2065 733 2140 εἰσιν,
759 2070 792 2127 et
813 2065 1011 2128 scholiastae
1035 2065 1150 2129 Venet.
1176 2066 1220 2128 ad
1254 2065 1350 2128 Iliad.
1378 2069 1490 2143 1,137,
1525 2059 1581 2146 qui

289 2185 376 2244 hunc
398 2180 508 2241 locum
529 2195 590 2257 pro
615 2173 764 2254 exemplo
789 2174 882 2234 attici
917 2172 1181 2237 ἀνανταποδιίτου
1216 2174 1349 2256 profert:
1388 2193 1488 2252 „nam
1518 2175 1583 2235 hcc

289 2287 494 2371 potissimum
516 2282 646 2358 mulier,
670 2279 777 2357 credo,
802 2281 911 2342 sensit:
934 2280 964 2341 si
988 2279 1060 2358 piris
1083 2280 1174 2343 adest
1185 2280 1269 2344 altor
1280 2279 1423 2343 iniuriae
1437 2285 1582 2355 nostrae,

286 2396 360 2459 brac
383 2392 475 2455 habet
499 2389 610 2474 (valde
634 2389 721 2451 enim
742 2388 838 2451 nobis
861 2387 1104 2450 incommodum
1128 2389 1232 2450 estin
1255 2406 1353 2450 scena
1364 2389 1580 2452 versantibus

289 2503 499 2565 danastrum
521 2517 587 2560 una
609 2494 791 2558 vindictam
813 2495 849 2555 in
881 2494 1056 2576 propatulo
1092 2495 1245 2576 sumere);
1281 2495 1334 2557 sla
1366 2493 1491 2570 micus,
1526 2513 1586 2558 αοκ

294 2627 391 2689 paam
414 2607 515 2685 ipsae,
538 2610 606 2668 tum
632 2602 727 2666 etiam
750 2599 914 2664 servatam
941 2599 1185 2680 (Fritzscheus).
1206 2599 1322 2682 „Quod
1345 2621 1424 2664 veru
1450 2607 1589 2684 praeter

289 2717 444 2780 mulieres
467 2730 644 2792 earumque
668 2729 779 2772 servas
801 2727 897 2771 nemo
923 2707 1047 2785 aderat,
1070 2707 1112 2770 ad
1137 2727 1233 2788 quem
1257 2708 1340 2771 illud
1365 2710 1412 2786 τίς
1429 2715 1588 2792 spectare

289 2828 409 2907 posset:
433 2821 470 2884 id
491 2839 558 2883 non
582 2823 631 2882 est
654 2817 736 2880 adeo
761 2815 941 2897 urgendum
963 2817 998 2876 in
1022 2817 1169 2879 oratione
1192 2815 1338 2878 mulieris
1363 2835 1464 2896 quam
1476 2819 1588 2880 maxi-

288 2951 343 2994 me
367 2929 550 2992 commota“
577 2925 763 3006 (Engerus).
787 2923 965 2986 Praeterea
987 2923 1064 2986 vide
1087 2922 1227 2985 Schenk.
1251 2943 1284 3004 p.
1311 2928 1362 2986 11.

338 3040 401 3100 789
428 3037 508 3118 (an.)
534 3033 560 3097 εἰ
583 3033 683 3095 κακόν
710 3033 818 3109 ἐσμεν,
845 3031 873 3096 τί
901 3029 1024 3108 γαμεῖθ’
1059 3029 1153 3108 ἡμᾶς,
1190 3030 1278 3107 εἴπερ
1315 3030 1445 3110 ἀληθῶς
1482 3035 1589 3100 κακόν

292 3149 400 3224 ἑσμεν;
426 3144 490 3204 898
528 3142 636 3216 Κηδ.·
673 3138 751 3214 αὕτη
778 3138 904 3214 Θεονόη
927 3138 1102 3215 Πρωτέως.
1142 3139 1214 3200 Γυ.·
1251 3139 1293 3215 μὰ
1316 3140 1361 3202 τὼ
1386 3141 1463 3216 θεω,
1492 3141 1587 3218 εἰμὴ

294 3250 445 3328 Κρίτυλλά
468 3243 497 3323 γ’
522 3246 692 3321 Ἀντιθέου,
718 3244 758 3308 de
782 3263 846 3325 qua
871 3244 944 3306 loco
968 3243 1046 3308 vide
1070 3263 1154 3325 quae
1165 3264 1307 3326 suprap.
1322 3245 1363 3307 93
1378 3245 1421 3308 ad
1432 3246 1501 3328 Eq.
1522 3251 1589 3314 186

293 3357 539 3440 disputavimus.
566 3354 629 3414 962
646 3353 745 3454 ³(lyr.)
778 3351 918 3428 εί-τις
942 3357 1114 3432 προσδοκᾷ
1149 3356 1256 3427 κακῶς
1290 3352 1590 3428 ἐρεῖν-γυναῖκά

294 3466 323 3544 μ’
349 3463 454 3527 οὖσαν
478 3463 609 3538 ἄνδρας,
634 3459 694 3522 οὐκ
718 3459 825 3535 ὀρθῶς
850 3462 976 3536 φρονεῖ.
1005 3461 1088 3520 1123
1115 3457 1254 3540 (Scyth.)
1272 3459 1533 3539 εἰ-έπιτυμεῖς
1549 3464 1588 3537 τὴ

292 3576 427 3650 γέροντο
444 3570 573 3645 πύγισο,
586 3603 631 3614 -
642 3568 836 3643 πρώκτισον.
857 3567 942 3627 1160
956 3566 982 3628 εἰ
996 3565 1152 3642 βούλεσθε
1164 3601 1208 3612 -
1220 3567 1367 3642 σπονδὰς
1379 3567 1590 3642 ποιήσασθαι

293 3682 376 3757 πρὸς
402 3679 465 3754 ἐμέ,
491 3678 561 3739 νυνὶ
583 3677 683 3751 πάρα.
1068 3736 1075 3751 ,

337 3785 379 3848 R.
408 3787 446 3846 15
472 3782 578 3860 ὧνπερ
602 3781 762 3859 Φρύνιχος
797 3781 891 3843 εἴωθε
921 3782 1024 3845 ποιεῖν
1060 3782 1110 3842 καῖ
1145 3779 1240 3855 Λύκις
1274 3779 1454 3857 κάμειψίας,
1483 3783 1590 3859 σκεύη

294 3892 364 3958 ποτ’
388 3893 413 3956 εἰ
438 3892 597 3969 φέρουσιν
621 3889 655 3951 ἐν
678 3888 839 3968 κωμῳδίᾳ.
864 3887 916 3949 Sic
940 3887 1098 3949 Velsenus
1124 3888 1310 3949 coniectura
1346 3890 1502 3966 quamvis
1540 3892 1592 3952 in-

296 4006 386 4064 certa
408 3998 568 4078 refingcre
592 4000 729 4057 conatur
751 3996 897 4075 ineptam
921 3993 1069 4056 ecdicum
1093 3995 1288 4075 scripturam
1312 3995 1410 4070 σκεύη
1441 3997 1592 4072 φέρουσ’

296 4105 441 4172 ἑκάστοτ’
465 4107 500 4169 έν
522 4126 550 4166 κ.
576 4104 618 4164 70
641 4101 790 4164 καῖ-εί
817 4101 844 4164 τί
872 4097 900 4176 γ’
931 4101 1017 4164 ἔστιν
1053 4102 1096 4164 ἔτι
1129 4101 1299 4176 κατωτέρω
1335 4103 1393 4182 (sc.
1418 4099 1506 4182 eim).
1549 4105 1593 4164 74

295 4211 561 4290 τοῦτο-μόνον
586 4204 629 4272 ἔτ’
653 4208 721 4271 ἐστὶ
745 4208 858 4270 λοιπὸν
883 4207 1015 4284 ἀγαθόν,
1040 4207 1065 4269 εἰ
1090 4209 1140 4269 καὶ
1164 4204 1250 4269 τοῦτ’
1276 4205 1338 4283 ἄρα
1369 4205 1427 4283 (sc.
1458 4207 1594 4283 ἀγαθόν

296 4321 389 4398 ἐστι).

342 4430 382 4488 77
409 4425 461 4489 εἶτ’
486 4425 526 4488 οὐ
543 4425 884 4503 Σοφοκλέα-μέλλεις
902 4423 1037 4498 ἀνάξειν,
1055 4423 1144 4499 ε’ίπερ
1158 4422 1280 4484 ἐκεῖθεν
1296 4424 1346 4484 δεῖ
1359 4418 1390 4484 σ’
1405 4423 1512 4500 ἀγειν,
1532 4426 1594 4487 ubi

296 4535 422 4600 ἀνάξειν
439 4552 480 4595 ex
495 4531 620 4594 Halmii
637 4533 825 4594 coniectura
842 4552 861 4593 a
876 4531 1016 4594 Valsenc
1034 4531 1260 4611 scriptumest,
1276 4548 1348 4591 cum
1365 4529 1441 4594 libri
1454 4534 1597 4612 partim
