3468 5390
873 441 1053 500 ..74-

324 600 462 684 perdere
485 600 578 680 equis
602 597 736 675 alendis,
762 602 1037 676 καταλιιτοιιργεῑν
1060 599 1247 668 muneribus
1263 597 1395 664 edendis
1418 617 1486 662 rem
1509 594 1597 659 iami-

325 709 442 771 liarem
464 709 622 783 minuere,
640 709 884 788 καταρᾳθυμεῐν,
908 709 1111 794 καταριιστίιν,Ι
1129 706 1389 786 καταμωραίνειν,
1406 705 1597 780 καταληρεῑν,

325 815 596 892 καταρραντίζειν,
619 816 860 892 καταχορηγεῖν,
883 812 1070 888 κατεσθίειν,
1099 813 1379 898 καταβιβρώσκειν,
1415 809 1599 880 καταπίνειν,

325 924 597 1000 καταχαρίζεσθαι,
620 923 937 998 καταπαιδεραστείν,
961 924 1266 998 καταμισθοφορείν,
1289 921 1525 997 καθηδυπαθεῖν
1541 920 1598 978 etc.

325 1026 471 1108 Quorum
494 1048 587 1092 usum
610 1048 683 1090 cum
708 1025 796 1112 apud
818 1007 992 1106 scriptores
1016 1024 1265 1114 considerarem,
1290 1026 1411 1106 ubique
1427 1026 1495 1090 siue
1512 1038 1600 1084 exce-

324 1133 435 1214 ptione
458 1133 528 1196 vidi
551 1134 601 1220 iis,
631 1139 666 1196 ut
689 1132 801 1197 verbis
832 1131 1035 1220 transitivis„
1049 1131 1076 1197 si
1100 1132 1207 1196 active
1231 1130 1320 1220 dicta
1353 1135 1436 1205 sunt,
1472 1144 1600 1190 accusa·

325 1241 428 1302 tivum
451 1241 572 1304 obiecti
587 1246 643 1302 aut
659 1239 781 1322 apponi
795 1245 851 1301 aut
864 1257 907 1320 ,ex
921 1238 1189 1328 ¹antecedentibus
1205 1238 1361 1320 intellegi.
1378 1237 1455 1312 Ubi,
1473 1251 1599 1316 quaeso,

325 1353 373 1410 est
388 1349 457 1430 ¹hoc
482 1348 646 1412 obiectum
668 1351 777 1411 nostro
801 1345 875 1411 loco
900 1351 957 1408 aut
978 1345 1064 1408 unde
1081 1345 1187 1408 audiri
1203 1344 1325 1426 potest?
1342 1342 1435 1426 Quod
1453 1345 1481 1408 si
1497 1342 1601 1430 obiec-

325 1461 392 1516 tum
415 1455 633 1518 necessarium
655 1459 715 1540 ¹est,
738 1451 817 1532 quid
840 1456 949 1527 restat,
973 1453 1037 1514 nisi
1059 1440 1213 1528 ιιίτρῡθ,
1229 1452 1351 1516 codicis
1378 1450 1521 1538 Parisini
1545 1463 1601 1530 pro

323 1564 465 1644 genuina
487 1563 649 1643 scriptura
671 1558 847 1630 habeatur?
869 1559 942 1622 Huc
967 1557 1057 1624 aliud
1081 1559 1228 1636 accedat,
1253 1560 1338 1642 quod
1365 1559 1406 1624 de
1440 1559 1506 1622 illis
1532 1571 1601 1616 Ver·

324 1670 373 1733 bis
397 1670 580 1732 observavi:
613 1668 709 1750 lunge
731 1667 879 1752 plurimis
901 1667 983 1731 locis
1006 1668 1112 1732 verba
1140 1665 1200 1731 illa
1235 1673 1291 1729 aut
1324 1668 1359 1728 in
1393 1668 1519 1739 euriste-
1550 1662 1602 1722 aul

324 1778 357 1845 iu
379 1775 523 1860 perfecto
548 1775 660 1836 autin
682 1773 1000 1856 plusquamperfecto
1036 1775 1144 1855 posita
1174 1779 1256 1849 sunt,
1290 1774 1326 1838 id
1360 1773 1448 1854 quod
1465 1836 1468 1845 ,
1484 1768 1602 1859 optime

324 1904 436 1946 eorum
458 1883 691 1964 significationi
716 1883 879 1945 convenit.
904 1878 999 1962 Quod
1023 1883 1082 1945 etsi
1105 1883 1212 1967 ipsum
1233 1902 1300 1946 nou
1321 1883 1433 1964 magni
1463 1886 1512 1944 est
1537 1891 1602 1938 mo·

323 1991 435 2064 menti,
460 1994 568 2055 tamen
590 1989 655 2064 hio,
681 2007 754 2052 oum
777 1987 811 2052 id
835 1993 960 2071 agatur,
984 1995 1092 2054 utrum
1108 1991 1274 2064 eoristum,
1300 1991 1356 2072 qui
1381 1990 1414 2052 in
1439 1984 1603 2052 codicibus

323 2100 452 2181 legitur,
476 2099 683 2173 retineamus,
709 2117 750 2160 an
772 2118 845 2160 cum
868 2098 1024 2162 Elmsleio
1047 2118 1201 2181 praesens
1223 2118 1428 2182 reponamus,
1459 2089 1603 2162 nonnulli

324 2207 480 2269 momenti
503 2206 601 2268 debet
625 2223 703 2270 esse.
727 2204 778 2267 Ne
801 2205 914 2284 multa,
938 2207 1144 2272 scribendum
1180 2213 1228 2270 est
1262 2226 1280 2270 e
1315 2206 1430 2270 codice
1455 2200 1602 2269 Parisuo

326 2318 649 2391 καταμισθοφορῆσαι
671 2313 769 2386 τοῦθ’,
792 2313 809 2350 *
833 2331 897 2392 quo
923 2313 1013 2376 ducit
1036 2314 1136 2378 etiam
1159 2333 1264 2397 prava
1279 2315 1440 2395 scriptura
1456 2309 1603 2376 codicum

325 2419 344 2480 Γ
346 2418 404 2482 ΘΔ
427 2420 524 2482 τοῦτο
549 2416 589 2494 θ’,
614 2437 697 2498 quae
710 2417 910 2483 hauddubie
926 2424 999 2481 orta
1014 2429 1116 2483 estex
1131 2424 1227 2487 τοῦτο
1241 2426 1274 2487 et
1285 2422 1507 2503 suprascripto
1523 2414 1551 2480 θ’
1562 2411 1601 2470 **·

323 2523 374 2588 Ex
398 2522 514 2589 eodem
544 2527 651 2600 τοῦτο,
688 2525 821 2604 antiquo
850 2543 941 2588 more
972 2525 1039 2587 sine
1071 2525 1206 2590 elisione
1236 2527 1356 2607 scripto
1384 2525 1446 2600 dli,
1479 2524 1605 2587 τοῦτον,

324 2629 412 2712 quod
435 2632 469 2694 in
493 2630 660 2694 codicibus
683 2629 778 2692 VPM
800 2631 930 2712 legitur,
953 2637 1067 2694 natum
1090 2637 1148 2708 est,
1174 2633 1262 2712 quod
1279 2633 1421 2708 librarii,
1451 2638 1487 2696 ut
1510 2640 1605 2706 saepe

323 2739 437 2812 solent,
460 2739 569 2801 hiatus
593 2737 738 2802 evitandi
763 2758 862 2802 causa
886 2744 985 2820 etque
1007 2744 1044 2802 ut
1066 2759 1245 2821 pronomen
1269 2740 1312 2804 ed
1335 2741 1523 2825 proximum
1549 2734 1604 2796 τὸν

321 2847 379 2921 τὰς
401 2844 538 2921 τριήρεις
562 2828 847 2909 accommodarent
870 2846 1017 2908 intulisse
1039 2846 1201 2910 videntur.
1225 2847 1277 2910 Ex
1294 2851 1411 2912 τοῦτον
1427 2867 1508 2914 vero
1531 2857 1606 2924 pro·

322 2953 441 3017 fectum
465 2956 513 3014 est
534 2954 658 3015 τοῦτων
681 2950 893 3030 Ravennatis,
919 2955 1010 3016 cuius
1033 2955 1193 3036 originem
1215 2954 1269 3018 vel
1291 2959 1444 3016 accentus
1469 2955 1605 3016 circum·

322 3059 425 3122 t'lexus
448 3059 526 3120 satis
549 3056 683 3122 indicat.
709 3056 835 3139 Quibus
858 3062 1022 3142 expositis,
1050 3066 1150 3124 restat
1185 3067 1221 3124 ut
1254 3061 1428 3124 lectionem
1462 3064 1605 3140 nostram

323 3167 580 3248 interpretemur.
604 3164 655 3229 Ao
677 3167 818 3247 primum
844 3166 977 3246 quidem
1002 3173 1336 3246 καταμισθοφορῆσαι,
1360 3174 1511 3249 utsupra
1527 3161 1603 3230 dixi,

321 3273 384 3335 hoc
408 3274 580 3354 significat:
613 3292 819 3350 „consumere
854 3273 1014 3354 (aliquam
1047 3275 1235 3355 pecuniam)
1271 3275 1306 3336 in
1339 3274 1525 3340 mercedem
1560 3268 1605 3350 (in

324 3381 462 3442 comitiis
487 3387 519 3443 et
542 3381 673 3444 iudiciis
697 3380 887 3462 dandam)“.
903 3381 939 3460 *ί
965 3379 1057 3462 Quae
1080 3383 1122 3446 sit
1143 3383 1226 3462 baec
1248 3384 1399 3464 pecunia,
1415 3379 1605 3466 pronomine

322 3486 409 3550 τοῦθ’
435 3488 648 3570 significatur,
673 3507 736 3568 quo
763 3487 842 3567 quid
865 3487 1035 3563 indicetur,
1061 3507 1101 3550 ex
1126 3495 1194 3552 tota
1215 3483 1432 3569 praecedente
1447 3482 1606 3552 sententie

324 3633 648 3648 m·—

359 3687 373 3716 *
393 3685 473 3738 Hanc
492 3685 664 3752 scripturam
683 3685 815 3738 Bentleio
839 3701 958 3753 quoque,
988 3667 1152 3740 criticorum
1180 3685 1263 3740 facile
1295 3687 1428 3756 principi,
1457 3689 1604 3756 probatam

322 3774 410 3828 fuisse
430 3772 522 3827 video.

357 3865 386 3893 ·*
405 3859 565 3927 Madvigius
584 3861 612 3914 in
630 3860 887 3916 Emendationibus
904 3861 1033 3916 Liuianis
1053 3877 1080 3930 p.
1100 3861 1135 3916 ls
1154 3845 1195 3930 sq.
1214 3863 1271 3931 (ed.
1290 3863 1315 3932 Ι)
1337 3864 1448 3932 aliquot
1467 3853 1603 3920 eiusmodi

322 3965 436 4006 errores
457 3951 584 4018 collegit,
604 3961 636 4004 ut
655 3965 690 4004 ex
709 3951 842 4019 rurisque
861 3959 890 4005 et
909 3951 1107 4022 suprasoripto
1127 3953 1235 4008 oeratt’a
1252 3953 1324 4021 (liis.
1344 3955 1378 4023 X,
1398 3958 1440 4022 29,
1461 3959 1489 4023 7)
1513 3957 1604 4010 ortum

323 4049 367 4094 est
386 4055 417 4095 ue
436 4040 564 4110 raroque
582 4041 668 4092 rotis.
1362 4093 1364 4104 Ι

358 4133 403 4165 ***
423 4130 514 4184 Huius
534 4129 575 4183 rei
595 4130 683 4182 multa
702 4129 834 4198 exempla
854 4130 954 4185 attulit
974 4147 1009 4184 cx
1030 4130 1247 4200 antiquissimis,
1262 4133 1412 4196 Menandri
1432 4127 1604 4202 fragmentis*

323 4235 414 4288 nuper
433 4218 566 4286 repertis,
587 4216 695 4270 saeculi
713 4216 774 4272 fera
808 4217 857 4284 Il',
889 4218 1081 4272 Jcrnstedtius
1112 4228 1218 4288 noster,
1240 4219 1387 4288 professor
1418 4219 1605 4294 Petropolita-

324 4325 386 4373 nus,
404 4309 432 4363 in
450 4307 527 4362 libro
548 4307 663 4376 optimo,
683 4307 731 4374 qui
749 4308 915 4361 inscribitur
937 4307 1187 4378 „liopcbupicacsie
1208 4327 1335 4378 orpusnu
1357 4303 1602 4366 ussArruseosoil

323 4395 472 4463 souerlu‘ss
491 4397 640 4465 Petropoli
662 4393 740 4449 edito
761 4412 786 4450 a.
807 4399 884 4464 18913
904 4397 967 4452 vide
985 4398 1045 4452 cius
1064 4413 1091 4465 ρ.
1110 4401 1152 4452 47.

359 4489 394 4551 *†
417 4485 522 4540 Mirum
540 4487 568 4538 iu
587 4485 699 4539 modum
715 4485 883 4542 Dindorlius
898 4487 1077 4541 banssonem
1090 4487 1307 4556 interpretatur:
1321 4491 1487 4557 ,pecuniam
1500 4492 1605 4556 impen-

324 4575 391 4630 dere
410 4573 553 4642 stipendio
571 4574 693 4628 militum
711 4575 996 4630 mercennariorum“:
1016 4577 1097 4653 quasi
1117 4577 1164 4632 bic
1184 4575 1219 4630 de
1233 4577 1377 4638 ,militibus
1397 4588 1508 4648 agatur.
