3466 5406
699 410 879 472 -43..

152 563 333 626 restitutum
356 565 417 648 cst)
442 569 542 651 δεήσῃ
567 567 629 632 RV
652 568 828 633 secundum
852 569 1050 647 Behkerum,
1076 569 1178 644 δεήσῃ
1215 568 1245 628 V
1280 586 1342 630 sec.
1367 563 1430 632 Co·

154 670 272 748 hctum;
295 671 333 735 P.
361 675 445 738 1039
469 675 578 758 παύσῃ
598 675 620 737 S
644 674 801 758 (Venetus
824 677 915 758 475),
938 675 995 738 sed
1020 675 1135 740 παύσει
1170 673 1241 750 RV,
1271 675 1307 738 P.
1345 675 1430 736 1226

152 776 269 860 ποιήσῃ
293 777 325 856 S,
339 780 459 859 ποιήσῃ
481 781 522 857 V,
545 784 674 862 ποιήσαι
697 781 739 859 R3
761 781 799 844 L.
824 785 889 846 704
912 782 1082 860 παύσησθε
1112 799 1224 844 omnes
1251 778 1430 862 (παύσεσθε

152 904 173 946 a
196 883 343 950 Bentleio
366 888 545 969 profectum
569 890 641 973 est);
677 889 717 952 de
755 890 815 952 Th.
843 891 926 954 1167
962 890 1017 952 hio
1052 889 1169 970 agitur.
1203 887 1292 952 Addi
1327 890 1432 970 potest

152 990 193 1054 V.
217 995 280 1056 394
305 992 416 1075 (quem
438 995 504 1058 iam
529 995 638 1078 attuli)
664 997 808 1075 οὐρήσω,
831 996 918 1077 ααοά
941 1015 1010 1060 csse
1034 996 1191 1058 aoristum
1215 993 1291 1058 inde
1307 995 1431 1075 perspi-

153 1098 245 1175 citur,
269 1101 358 1181 quod
381 1103 415 1164 in
437 1102 543 1166 futuro
568 1105 609 1170 ab
635 1104 752 1166 Atticis
775 1103 884 1166 media
906 1103 1011 1166 forma
1044 1102 1226 1180 ούρήσομαι
1258 1106 1432 1182 usurpatur

153 1211 184 1268 et
207 1206 295 1286 quod
319 1228 393 1270 oum
416 1215 504 1272 certo
528 1213 650 1274 aoristo
676 1212 855 1289 ἀποπάρδω
881 1211 1087 1274 coniunctum
1111 1213 1168 1270 est.
1193 1207 1255 1270 Hic
1271 1209 1351 1270 mihi
1368 1207 1432 1270 for·

152 1312 235 1375 sitan
259 1315 421 1396 quispiam
446 1319 579 1380 canonis
602 1319 691 1382 illius
726 1318 917 1382 Dawcaiani
953 1315 1136 1384 admoneat.
1170 1315 1233 1378 Sed
1269 1316 1351 1378 haec
1379 1314 1432 1378 lex

153 1437 256 1500 neque
281 1423 411 1485 omnino
436 1428 524 1487 recte
549 1426 726 1490 observata
746 1425 877 1488 videtur
901 1423 947 1506 (v.
972 1420 1144 1486 Goodwin.
1169 1422 1187 1505 ᾗ
1212 1423 1302 1517 tiis),
1326 1441 1432 1502 neque

152 1525 205 1589 hio
229 1527 409 1608 quidquam
433 1530 543 1594 valere
565 1536 683 1614 potest:
708 1552 784 1596 nam
807 1533 841 1595 in
864 1531 965 1594 verbo
990 1531 1118 1596 ἀκούειν
1141 1531 1280 1596 aoristus
1302 1531 1386 1595 coni.
1412 1549 1432 1592 a

152 1633 257 1697 luturo
282 1634 349 1698 ind.
372 1656 437 1700 nou
459 1636 530 1700 sola
553 1640 735 1718 quantitate
757 1639 888 1703 litterae
912 1639 1108 1703 thematicae
1133 1640 1249 1717 differt,
1282 1638 1339 1702 sed
1361 1639 1433 1721 ipsa

152 1740 263 1820 forma,
289 1760 375 1823 quae
397 1749 445 1806 est
465 1746 575 1808 activa
599 1747 632 1808 in
656 1747 788 1823 aoristo,
811 1746 922 1810 media
945 1747 979 1808 in
1002 1745 1119 1810 futuro.
1143 1747 1259 1828 Itaque
1275 1746 1432 1810 aoristum

153 1850 233 1912 coni.
259 1848 413 1931 ἀκούσητ’
437 1852 650 1935 Aristophani
673 1854 856 1919 reddamus.

198 1977 282 2039 1207
309 1977 379 2055 ἐμοὶ
401 1978 531 2066 μελήσει
552 1980 652 2044 ταῦτά
675 1970 712 2055 γ’,
736 1979 777 2056 ἢν
800 1978 883 2047 ἅπαξ
906 1986 1004 2046 λυθῶ.

194 2099 233 2163 R.
261 2101 325 2163 169
349 2101 456 2166 Διο.·
483 2102 731 2181 ἐὰν-μηύρω;
755 2103 870 2168 Ξαν.·
893 2104 958 2170 τότ’
984 2107 1032 2186 ἔμ’
1069 2107 1161 2185 ἔχειν.
1198 2102 1335 2168 Codices
1361 2104 1432 2168 τότε

157 2207 185 2284 μ’
206 2207 306 2284 ἄγειν.
331 2207 381 2270 Ac
404 2209 444 2271 de
467 2209 637 2273 vocabulis
672 2210 738 2274 τότ’
774 2213 822 2290 ἔμ’
858 2215 905 2276 ita
935 2212 1119 2277 dividendis
1156 2210 1254 2293 plane
1288 2210 1432 2293 Bergkio

159 2317 318 2391 assentior3
342 2316 399 2378 sed
424 2317 506 2396 ἔχειν
529 2317 702 2380 Ritschelii
726 2317 887 2401 displicet.
912 2317 1016 2401 Quem
1040 2321 1162 2402 optime
1178 2319 1333 2381 refutavit
1344 2318 1433 2380 Vah-

162 2421 237 2485 lenus
259 2443 293 2506 p.
321 2425 373 2485 28:
401 2423 583 2505 „Dionysus
606 2444 721 2488 verens
744 2443 785 2489 ne
810 2425 941 2489 dimisso
965 2446 1059 2489 servo
1084 2425 1207 2488 nullum
1242 2425 1312 2488 eins
1341 2426 1432 2486 vica-

165 2530 233 2594 rium
260 2531 471 2594 conducendo
495 2533 710 2610 nanciscatur,
745 2535 793 2595 ita
818 2535 995 2615 paciscitur
1027 2554 1101 2596 cum
1132 2528 1280 2594 Xanthia
1314 2534 1372 2595 ἐὰν
1398 2533 1433 2594 δὲ

158 2639 271 2716 ρῃύραι;
296 2637 380 2700 Ταια
404 2638 459 2701 ille
483 2639 546 2704 τότ’
571 2640 619 2718 ἔμ’
644 2639 741 2716 ἄγειν.
767 2638 839 2722 Quo
861 2642 945 2704 nihil
980 2643 1089 2705 verius
1124 2645 1181 2716 est;
1216 2655 1323 2719 neque
1358 2637 1431 2700 Rit-

155 2745 262 2809 schelii
288 2745 509 2809 dubitationes
544 2746 764 2829 intelligimus,
801 2751 919 2829 quibus
948 2750 1005 2813 ille
1039 2755 1145 2812 motus
1176 2748 1241 2812 τότ’
1278 2748 1326 2824 ἔμ’
1350 2746 1431 2827 ἔχειν

155 2851 232 2931 (soil.
256 2855 297 2917 τὰ
321 2853 506 2936 στρώματα)
530 2855 709 2936 proposuit,
735 2875 755 2918 a
778 2856 917 2919 Velseno
950 2859 1047 2920 nimis
1079 2855 1215 2917 fidenter
1253 2857 1429 2935 receptum.

153 2956 233 3020 llam
257 2958 346 3050 ἄγειν
368 2979 434 3021 non
457 2964 505 3022 est
529 2959 615 3035 ἄγειν
638 2962 677 3024 τὰ
701 2963 872 3040 στρώματα
897 2965 946 3043 [ut
969 2965 1023 3041 ἐμέ
1043 2959 1223 3025 subiectum
1238 2959 1306 3038 sit],
1324 2975 1430 3038 neque

153 3066 299 3127 novimus
324 3063 378 3146 qui
402 3067 465 3128 hoc
488 3067 536 3127 ita
558 3067 789 3148 interpretatus
811 3069 861 3144 sit,
886 3068 943 3131 sed
966 3070 1029 3131 hoc
1063 3069 1143 3131 dicit
1177 3066 1350 3141 Xanthias,
1384 3065 1429 3142 ,si

152 3171 273 3234 nullum
296 3174 488 3254 reppereris,
514 3178 581 3236 tum
607 3194 659 3236 me
676 3173 785 3251 ducas,
811 3179 918 3238 tecum
942 3175 1069 3239 scilicet
1092 3181 1125 3237 et
1147 3173 1292 3255 stragula
1326 3173 1429 3234 seren-

153 3285 246 3358 tem“,
271 3281 362 3344 velut
384 3281 470 3344 idem
494 3285 608 3362 postea
633 3281 726 3365 (179)
751 3283 814 3358 ἐγύι
840 3287 1006 3363 βαδιοῦμαι
1040 3303 1113 3346 oum
1149 3281 1239 3357 dicit,
1277 3279 1430 3361 intelligit

154 3393 278 3466 ,tecum
302 3389 358 3452 iho
382 3390 526 3451 sarcinas
548 3392 714 3471 portans“.
738 3388 854 3470 Neque
877 3390 964 3467 ἄγειν
987 3392 1050 3453 hac
1074 3391 1310 3478 significatione
1344 3389 1430 3450 inso-

150 3495 217 3560 lens
241 3501 300 3572 est,
325 3515 388 3577 quo
414 3499 521 3579 aptius
543 3499 681 3560 verbum
705 3505 737 3561 et
758 3498 863 3579 magis
888 3503 1075 3560 consuetum
1110 3497 1248 3560 inveniri
1284 3515 1349 3558 non
1371 3513 1430 3577 po-

151 3604 219 3666 tnit.
244 3603 345 3666 Velut
363 3607 399 3666 ut
421 3603 535 3686 paucis
557 3607 697 3681 utamur,
723 3601 784 3665 Av.
812 3607 886 3668 658.
910 3603 951 3666 V.
978 3605 1073 3667 1004.
1098 3603 1281 3666 lt.1421“.

195 3731 259 3795 339
282 3749 315 3792 v.
339 3731 432 3794 inha.
459 3733 522 3794 576
547 3729 665 3807 ἐάνπερ
701 3730 857 3813 ἐπιτύχῃς,
893 3729 1090 3808 Ὑπέρβολον
1123 3727 1300 3811 (κάλεσον),
1332 3744 1429 3808 quern

150 3855 278 3899 versum
302 3841 390 3901 recte
413 3836 542 3900 videtur
564 3835 769 3900 Hamakerus
806 3841 838 3900 et
871 3836 1029 3900 Velsenus
1065 3854 1125 3917 pro
1162 3833 1271 3916 spurio
1295 3832 1428 3897 habere.

151 3945 214 4008 586
238 3945 279 4024 ἤν
303 3944 823 4026 σε-ἀφέλαιμαι,-ἀπολοίμην.
850 3948 912 4008 617
938 3943 998 4009 κάν
1027 3939 1154 4023 πατέρ’
1172 3941 1246 4025 ἕλῃς
1263 3942 1429 4020 ἀδικοῦντ’,

151 4049 340 4117 ἀπόκτεινόν
364 4073 411 4132 με.
437 4053 500 4116 623
525 4053 583 4118 κάν
605 4073 633 4119 τι
655 4053 904 4133 πηρώσω-τὸν
926 4049 1252 4130 παῖδα-τάργύριόν
1291 4064 1345 4115 σοι
1369 4049 1428 4114 κεί-

151 4173 249 4225 σεται.
275 4161 339 4223 736
365 4158 433 4243 (tr.)
459 4159 517 4225 κᾶν
540 4182 567 4224 τι
591 4155 742 4240 σφαλῆτ’,
767 4160 801 4225 ἐξ
824 4160 912 4226 ἀξίου
951 4161 1031 4235 γοῦν
1063 4159 1121 4221 τοῦ
1151 4157 1429 4236 ξύλου-πάσχειν

150 4269 217 4346 τοῖς
241 4270 363 4346 σοφοῖς
387 4266 552 4345 δοκήσετε.
578 4269 663 4331 1178
677 4266 735 4332 κάν
748 4287 810 4332 που
825 4268 873 4344 δὶς
885 4265 965 4330 εἴπω
983 4263 1101 4329 ταύτύν
1117 4265 1136 4341 ἢ
1155 4263 1288 4342 στοιβήν
1300 4261 1427 4346 ἴδῃς,-

152 4375 365 4442 κατάπτυσον.
392 4377 476 4441 1415
512 4376 630 4442 Διο.·
655 4375 712 4441 ἐάν
745 4377 780 4438 δὲ
815 4374 922 4454 κρίνω;
957 4373 1051 4438 Πλ·
1086 4373 1143 4436 τὸν
1179 4371 1288 4450 ἕτερον
1318 4373 1428 4454 λαβὼν

153 4479 232 4546 ἀπει.
260 4483 343 4545 1517
368 4502 399 4545 v.
428 4481 522 4546 inira.
