3468 5390
827 472 1007 532 ..76-

317 631 366 695 Pl.
392 612 455 694 977
482 633 510 696 εἴ
525 653 633 696 -του
658 631 804 710 δεηθείην
828 632 902 708 ἐγώ,
928 629 1041 695 ἅπαντ’
1066 629 1294 709 ἐποίει-μοι.
1330 631 1414 692 1010
1438 631 1489 694 καὶ
1512 630 1552 706 νὴ

272 737 334 801 Δί’
359 737 385 802 εἰ
409 739 610 817 λυπουμένην
627 738 773 803 αἴσθοιτό
798 759 844 817 με,
869 739 1039 816 νηττάριον
1063 737 1103 801 ἂν
1127 739 1177 802 καὶ
1201 739 1321 817 φάβιον
1337 737 1554 814 ὑπεκορίζετο,

271 846 329 908 ubi
352 847 519 924 νηττάριον
541 849 629 909 reete
662 865 721 928 pro
756 829 897 922 νιτάριον
925 835 1107 907 restitutum
1143 863 1211 907 esse
1246 842 1386 920 videtur,
1421 841 1479 906 sed
1514 840 1554 905 de

272 953 399 1030 φάβιον,
426 949 513 1031 quod
533 969 594 1034 pro
620 953 728 1030 βάττον
752 971 772 1014 a
793 950 967 1015 Meinekeo
993 949 1104 1031 (Vind.
1126 971 1158 1033 p.
1177 950 1254 1030 220)
1271 951 1477 1014 substitutum
1494 954 1553 1025 est,

274 1055 397 1122 dubito.
423 1053 519 1138 Quod
542 1059 641 1141 vulgo
665 1058 784 1142 legitur
806 1061 949 1137 φάττιον,
976 1077 996 1120 a
1019 1057 1167 1121 Bentleio
1193 1055 1315 1134 datum,
1344 1077 1416 1120 eum
1437 1073 1555 1140 prooe-

270 1162 497 1227 leusmatiem’n
520 1163 620 1226 faeiat
644 1183 716 1226 eum
731 1155 883 1246 proiima
895 1180 988 1238 voee;
1004 1163 1152 1224 nonnihil
1167 1167 1349 1245 suspectum
1361 1166 1420 1238 est,
1438 1180 1555 1243 quam·

272 1287 371 1351 quam
393 1277 461 1333 tam
484 1272 569 1334 bane
589 1261 756 1334 inventum
780 1275 838 1348 est,
860 1275 898 1333 ut
919 1271 1057 1333 metrica
1081 1267 1257 1333 difficultas
1279 1269 1407 1352 neglegi
1439 1269 1554 1351 possit.

273 1375 423 1442 Ceterum
447 1379 520 1459 post
543 1380 745 1456 λυπουμένην
767 1377 962 1462 particulam
998 1379 1044 1454 γε’,
1079 1377 1113 1440 in
1139 1369 1178 1439 'R
1208 1378 1370 1454 omissam,
1395 1394 1436 1439 ex
1458 1375 1554 1439 VAU

274 1482 456 1547 addendam
481 1503 549 1548 essa
568 1487 658 1548 reete
681 1483 766 1548 vidit
788 1483 1003 1566 Bambergius
1032 1484 1125 1561 1885,
1149 1504 1181 1566 p.
1209 1485 1260 1546 18.
1285 1477 1332 1548 Oi.
1358 1499 1555 1566 quaesupra

272 1591 412 1654 diximus
433 1612 466 1674 p.
494 1596 546 1656 72.
614 1663 617 1670 ,

316 1755 401 1814 Anu.
429 1755 457 1814 1.
482 1751 658 1815 Praeterea
681 1756 754 1814 sunt
777 1752 810 1814 in
833 1751 966 1814 Thesm.
987 1731 1051 1814 tres
1074 1751 1151 1829 loci,
1174 1747 1232 1815 ubi
1254 1751 1283 1815 εἰ
1307 1769 1380 1814 oum
1404 1751 1554 1834 optativo

268 1859 496 1941 repetitionem
519 1878 584 1921 non
608 1859 642 1920 in
664 1859 854 1939 praeterito,
879 1863 915 1920 ut
937 1857 1028 1934 solet,
1054 1856 1111 1921 sed
1134 1859 1167 1922 in
1198 1857 1363 1939 praesenti
1380 1844 1555 1939 signifieat,

270 1971 306 2028 ut
329 1965 416 2028 idem
440 1964 528 2046 quod
552 1966 608 2029 ε’άν
632 1984 705 2028 eum
730 1965 937 2028 eoniunotivo
961 1964 1082 2028 valeat.
1106 1964 1145 2027 In
1171 1983 1268 2030 eausa
1292 1968 1339 2027 est
1370 1963 1459 2044 qnod
1494 1963 1555 2028 illa

270 2073 438 2135 enuntiata
460 2071 561 2134 verbo
586 2077 667 2151 χρῆν
690 2073 838 2136 subiecta
860 2076 942 2149 sunt,
969 2072 1057 2154 quod
1080 2072 1217 2136 somnam
1241 2073 1409 2155 praeteriti
1439 2073 1553 2147 habet,

268 2179 328 2242 sed
351 2179 622 2268 significationem
644 2179 835 2263 praesentis.

313 2285 373 2348 Th.
400 2287 463 2350 832
478 2290 530 2351 -s
557 2287 623 2370 (tr.)
646 2271 727 2367 χρῆν
748 2289 809 2364 γάρ
833 2287 923 2366 ἡμῶν
948 2287 974 2352 εἰ
997 2288 1081 2352 τέκοι
1098 2307 1150 2366 ,τις
1161 2287 1263 2374 ἄνδρα
1274 2287 1421 2368 χρηστόν
1436 2293 1473 2370 τῆ
1494 2288 1555 2352 πό-

270 2395 547 2474 λει,-δάμβάνειν
570 2396 660 2474 τιμάν
683 2393 858 2458 τινοι-εἰ
883 2396 918 2458 δὲ
942 2395 1047 2461 δειλὸν
1071 2396 1123 2458 καὶ
1144 2395 1291 2480 πονηρὸν
1315 2393 1417 2472 ἄνδρα
1440 2416 1486 2472 τις
1503 2396 1553 2460 τέ·

274 2521 323 2565 κοι
346 2503 627 2582 γυνήΓ-ὑστέραν
662 2502 761 2579 αὐτὴν
797 2505 1078 2578 καθῆσθαι-τῆς
1112 2504 1170 2569 τὸν
1205 2502 1355 2580 ἀνδρεῖον
1384 2502 1554 2582 τεκούσης,

271 2607 327 2670 ubi
351 2611 432 2686 χρῆν
454 2608 488 2670 iu
512 2628 543 2693 v.
569 2610 632 2672 832
657 2612 747 2672 reete
769 2608 953 2672 restitutum
977 2613 1025 2674 est
1059 2627 1118 2691 pro
1154 2609 1226 2688 χρήΙ
1250 2607 1410 2694 codicum,
1446 2612 1482 2672 ut
1514 2628 1555 2674 ex

270 2734 302 2774 ν.
331 2717 394 2778 842
420 2719 499 2794 χρῆν
523 2720 554 2780 et
578 2717 641 2778 835
665 2715 786 2792 ἤγομεν
811 2721 958 2798 apparet;
982 2715 1061 2798 item
1084 2715 1117 2778 in
1151 2734 1183 2778 v.
1220 2715 1283 2782 836
1320 2720 1407 2778 reate
1444 2715 1470 2778 εἰ
1491 2735 1554 2797 pro

272 2820 311 2896 ἤν
335 2821 497 2885 Personas
522 2822 673 2889 correxit.
692 2822 755 2886 842
780 2821 849 2902 (tr.)
874 2821 893 2902 ῆ
917 2825 1009 2899 χρῆν,
1034 2820 1061 2886 εἰ
1083 2821 1259 2890 ,δανείσειέν
1292 2842 1350 2884 τινι
1382 2823 1432 2886 καὶ
1455 2823 1556 2886 τόκον

270 2929 585 3003 spatiamentum
609 2924 718 3006 μηδέν’
742 2928 924 3005 ἀνθρώπων
946 2928 1135 3012 τόκον,.υο1
1158 2927 1236 2990 item
1260 2928 1294 2995 in
1320 2928 1413 2990 libris
1435 2947 1553 3012 perpe-

270 3055 341 3099 ram
365 3035 484 3118 legitur
506 3036 556 3113 ἦν.
582 3032 748 3116 Optativis
771 3035 982 3116 praeteritam
1017 3034 1244 3117 repetitionem
1279 3035 1458 3116 significari
1487 3057 1553 3103 non

269 3162 365 3224 posse
390 3144 496 3226 quivis
519 3141 620 3206 videt
644 3142 759 3226 Neque
782 3142 854 3205 veri
877 3141 982 3204 simile
1007 3147 1054 3204 est
1078 3140 1122 3204 ad
1143 3141 1285 3204 futurum
1298 3144 1460 3224 pertinere
1473 3163 1553 3206 oon-

271 3249 424 3313 dieiones:
450 3270 526 3314 nam
547 3251 689 3340 primum
714 3250 866 3334 epodosis
890 3249 1017 3314 irrealis
1041 3256 1099 3327 est,
1124 3268 1208 3330 quae
1232 3256 1279 3312 est
1294 3249 1459 3316 rarissima
1478 3269 1554 3314 eon-

271 3353 436 3419 dieionum
457 3357 563 3420 forma
586 3357 676 3442 (vide
701 3353 875 3422 Goodwin.
900 3357 917 3442 ᾗ
943 3356 1033 3439 008),
1059 3356 1175 3422 deinde
1198 3357 1339 3438 protasis
1365 3358 1553 3439 potentiaiis

272 3481 292 3524 a
315 3465 474 3542 sententia
497 3464 562 3548 1ροὶ
577 3464 694 3535 ,ρδθυο
717 3463 847 3531 videtur
883 3473 926 3546 (v.
956 3482 1039 3546 quae
1062 3483 1094 3546 p.
1120 3465 1162 3528 60
1188 3462 1448 3544 disputavimus),
1471 3469 1553 3549 ,tum

274 3588 434 3652 nusquam
457 3570 544 3652 apud
568 3571 625 3634 Ar.
651 3570 783 3652 quidem
806 3570 947 3636 vidimus
972 3571 1157 3646 alternatus,
1183 3588 1264 3652 quas
1289 3570 1410 3648 dieunt,
1443 3569 1554 3636 eondi-

272 3678 381 3740 eiones
404 3676 526 3741 futuras
551 3679 698 3759 optativo
722 3677 894 3760 potentiali
919 3677 1025 3740 efferri
1059 3676 1098 3759 (εἰ
1124 3679 1225 3754 μέν...,
1250 3677 1276 3741 εἰ
1300 3677 1361 3761 δέ),
1391 3678 1431 3742 ,id
1466 3681 1554 3760 quod

271 3785 305 3846 in
329 3782 536 3865 generalibus
559 3785 655 3865 saeile
680 3785 717 3846 fit
738 3786 785 3864 (ut
808 3785 846 3848 P.
873 3784 1073 3864 212-215).
1097 3782 1248 3870 Denique
1273 3783 1371 3846 totius
1387 3785 1452 3847 loei
1468 3788 1553 3850 ratio

271 3891 424 3974 postulat,
449 3892 558 3956 uthis
583 3893 757 3956 enuntiatis
782 3891 925 3957 sationes
949 3891 983 3958 in
1005 3891 1168 3972 praesenti
1188 3892 1347 3974 repetitae
1371 3892 1553 3974 significen-

274 4004 334 4061 tur:
363 3998 554 4084 „oportebat
577 3998 673 4077 enim,
699 3999 726 4060 si
750 4016 815 4078 qua
838 3998 952 4062 utilem
977 3997 1104 4060 civitati
1127 3997 1233 4062 virum
1261 3999 1449 4084 peperisset,
1467 4001 1554 4064 affini

272 4107 395 4168 honore
419 4105 549 4186 aliqu0“
577 4110 638 4168 eto.
665 4168 671 4176 ,

319 4251 402 4310 Αιιιι.
429 4249 459 4311 2.
484 4247 611 4312 Dubius
633 4250 766 4325 haereo,
795 4218 1021 4328 quoreferam
1045 4245 1153 4308 laeum

315 4353 367 4416 Fu.
394 4357 488 4430 5921
509 4355 591 4432 πλὴν
609 4353 700 4432 εἴτις
724 4354 848 4431 πρίαιτο
862 4353 1086 4431 -βασκάνιον,

808 4655 1011 4668 -u—
