3466 5406
862 435 1010 497 ..4..

327 591 372 682 4)
394 594 543 672 Accedit,
568 593 656 675 quod
678 612 831 677 praesens
856 594 938 658 coni.
963 595 997 656 in
1020 594 1186 662 sententiis
1223 593 1502 658 condicionalibus
1526 593 1581 675 (a)

291 707 323 766 et
345 702 492 766 relativis
516 700 566 784 (b)
591 702 779 784 saepissime
804 702 966 764 actionem
989 700 1239 783 praecedentem
1267 700 1437 782 significat.
1454 699 1581 762 Huius·

288 809 378 872 modi
400 827 510 888 pauca
533 807 683 891 exempla
707 809 806 871 etiam
829 809 863 870 in
900 808 1132 889 temporalibus
1168 806 1213 890 (c)
1242 809 1417 870 enuntiatis
1451 808 1574 871 inveni.

333 916 366 1000 a)
389 915 431 980 N.
457 919 517 980 561
546 917 586 993 ήν
610 917 679 994 ἐμοὶ
703 918 754 980 καὶ
776 919 880 980 τοῖσιν
911 917 1001 993 ε’μοῖς
1036 916 1248 994 εὐφραίνησθ’
1282 917 1469 994 εὑρήμασιν,
1506 917 1574 992 εἰς

287 1028 367 1102 τὰς
403 1025 525 1101 ὥρας
558 1026 640 1101 τὰς
676 1023 839 1100 ἑτέρας
864 1021 1056 1101 εὐφρανεῖν
1080 1024 1245 1102 δοκήσετε
1276 1025 1334 1087 ubi
1349 1023 1484 1087 adiectis
1500 1043 1576 1086 ver-

288 1133 340 1196 bis
362 1131 407 1209 εἰς
429 1153 456 1194 τ.
481 1132 519 1195 ὥ.
544 1153 570 1195 τ.
596 1131 621 1196 ἑ.
650 1131 810 1214 „proximi
835 1131 911 1192 anni
947 1133 1089 1192 aestate“
1130 1129 1175 1210 (ν.
1210 1129 1383 1194 Jemstedt.
1419 1131 1574 1212 „ssopan-

288 1240 429 1322 picncnie
451 1241 622 1320 orpmsnu“
648 1257 681 1319 p.
709 1236 785 1320 128)
812 1236 931 1300 diserte
955 1237 1143 1320 temporalis
1166 1239 1251 1300 ratio
1275 1239 1505 1302 sententiarum
1524 1240 1577 1300 in-

288 1348 425 1411 dicatur.
449 1344 491 1410 N.
518 1348 602 1408 1115
627 1345 703 1422 τοὺς
727 1345 922 1421 κριτάς-ἃ
946 1347 1168 1421 κερδανοῦσιν,
1195 1346 1233 1421 ήν
1248 1367 1276 1408 τι
1292 1347 1386 1410 τόνδε
1402 1346 1573 1425 τόνχορόν

287 1451 440 1532 ὠφελῶσ’
465 1453 587 1516 ἐκτῶν
611 1452 749 1528 δικαίων,
778 1448 970 1530 βουλόμεσθ’
994 1449 1084 1528 ἡμεῖς
1112 1452 1237 1529 φράσαι
1257 1452 1401 1531 „iudices
1425 1452 1505 1532 quid
1522 1453 1575 1515 lu-

286 1562 472 1639 crabuntur,
496 1561 523 1623 si
546 1561 633 1623 hunc
657 1559 792 1624 chorum
815 1557 995 1622 iuveriat“.
1019 1559 1057 1622 P.
1085 1560 1169 1622 1356
1209 1559 1267 1623 κᾶν
1302 1561 1482 1638 ξυνέπησθέ
1507 1581 1569 1640 μοι,

285 1670 487 1744 πλακοῦντας
512 1667 635 1731 stenae:
660 1667 729 1728 sine
753 1666 852 1729 dubio
878 1667 995 1730 chorus
1017 1666 1186 1749 placentas
1204 1685 1314 1730 esurus
1331 1675 1388 1742 est,
1407 1688 1480 1731 cum
1489 1669 1569 1750 Try-

285 1794 402 1857 gaeum
427 1779 555 1837 secutus
580 1775 711 1837 domum
735 1775 803 1837 eius
826 1776 963 1852 venerit,
987 1794 1053 1837 non
1077 1774 1153 1838 dum
1177 1782 1339 1857 sequetur.
1365 1777 1404 1839 V.
1432 1779 1518 1840 1074
1544 1779 1569 1842 εἴ

179 1915 182 1920 “
284 1911 330 1968 τις
354 1889 841 1972 ύμιῖιν-θαυμάξει,-ῥᾳδίως
865 1891 928 1965 ἐγὼ
952 1891 1079 1968 διδάξω,
1116 1890 1175 1953 κᾶν
1210 1889 1357 1968 άμουσος
1392 1891 1473 1972 ήτὸ
1496 1893 1571 1969 πρίν

288 1998 437 2074 „etiamsi
457 1996 608 2059 indoctus
629 1996 726 2058 fuerit
749 2000 879 2073 antea“‚
903 1997 960 2060 ubi
985 1996 1113 2060 adiecto
1138 1999 1175 2060 τὸ
1198 1999 1272 2074 πρίν
1290 1998 1467 2061 clarissime
1483 1999 1573 2060 ratio

284 2109 467 2185 temporum
490 2102 664 2182 indicatur,
688 2107 724 2165 ut
747 2104 834 2186 apud
856 2103 1083 2197 Thucydidem
1111 2107 1139 2182 1,
1164 2108 1218 2182 41,
1245 2109 1263 2168 3
1288 2107 1436 2183 φίλον-
1451 2106 1567 2182 ἡγοῦν-

283 2232 333 2275 ται
357 2212 414 2274 τὸν
438 2211 675 2287 ὑπουργοῦντα,
699 2209 740 2286 ἢν
764 2212 814 2273 καὶ
838 2211 996 2288 πρότερον
1028 2214 1149 2289 ἐχθρὸς
1168 2213 1198 2295 ᾗ.
1235 2211 1328 2274 Alios
1364 2211 1453 2276 locos
1488 2209 1570 2273 vide

282 2318 366 2379 infra
389 2336 421 2399 p.
448 2318 477 2381 9.
551 2353 556 2362 ,

327 2424 362 2507 b)
387 2425 450 2487 Αν.
476 2428 541 2488 450
565 2427 641 2502 τοὺς
666 2423 796 2502 ὁπλίτας
820 2425 1334 2500 νυνμενὶ-άπιέναι,-σκοπεῖν
1370 2425 1397 2490 δ’
1428 2427 1447 2489 ὅ
1478 2447 1505 2489 τι
1527 2425 1567 2488 ἂν

284 2533 525 2610 προγράφωμεν
550 2532 584 2596 ἓν
607 2535 675 2608 τοῖς
699 2531 864 2608 πινακίοις,
889 2531 945 2593 ubi
970 2531 1177 2594 Pithetaerus
1200 2532 1321 2595 milites
1333 2535 1443 2615 gravis
1459 2553 1570 2595 arma-

282 2645 373 2702 turae
397 2638 503 2702 edicta
527 2657 586 2700 sua
609 2639 770 2720 inspicere
794 2638 884 2700 iubet
907 2656 972 2700 non
996 2657 1033 2701 eo
1060 2643 1206 2720 tempore
1243 2659 1306 2720 quo
1342 2641 1472 2720 scribat,
1509 2641 1568 2704 sed

282 2767 355 2809 cum
379 2747 446 2808 iam
470 2742 643 2826 scripserit.
667 2743 708 2806 R.
736 2745 797 2805 702
822 2745 945 2821 πάντας
982 2745 1570 2824 άνθριύπους-κτησώμεθα-πο-

281 2855 377 2931 λίτας,
404 2852 497 2929 ὅστις
521 2851 559 2915 ἂν
583 2857 784 2934 ξυνναυμαχῇ
813 2852 889 2930 „qui
912 2870 1043 2933 pugnae
1067 2851 1180 2913 navali
1203 2851 1419 2932 interficerit&
1445 2855 1484 2916 V.
1500 2857 1563 2919 661

281 2965 376 3028 ἔνδον
399 2962 535 3040 τούτων,
559 2959 605 3023 ὧν
629 2960 668 3025 ἂν
692 2961 822 3038 φάσκω,
847 2960 978 3023 πάντων
1002 2960 1102 3024 οὐδὲν
1125 2963 1285 3038 πεποίηκα
1324 2963 1376 3039 „in
1406 2963 1567 3027 indicium

279 3072 440 3152 ingressus
464 3067 547 3131 nihil
571 3069 697 3146 horum,
725 3086 809 3147 quae
826 3066 975 3146 promisi,
998 3068 1106 3130 facere
1130 3067 1252 3130 soleo“.

175 3243 200 3266 Ι,
324 3176 354 3259 c)
379 3177 439 3241 Th.
465 3177 529 3239 493
556 3176 635 3239 ὅταν
660 3171 785 3251 μάλισθ’
812 3173 893 3251 ὅλην
918 3176 1087 3251 ληκώμεθα
1111 3177 1168 3252 τήν
1191 3173 1291 3256 νύχθ’,
1316 3176 1416 3244 ἕωθεν
1432 3181 1471 3240 τά
1486 3177 1565 3241 σκύ-

279 3290 360 3362 ροδα
383 3284 611 3360 διαμασώμεθα
643 3301 737 3361 „cum
773 3283 915 3344 maxime
950 3287 1049 3344 noctu
1080 3280 1281 3363 subapltotae
1312 3301 1431 3359 scurrus,
1467 3304 1565 3348 mane

278 3391 358 3453 allia
381 3390 597 3469 mandimus“‚
620 3390 679 3453 ubi
701 3390 786 3451 ratio
812 3395 1004 3471 temporum,
1029 3391 1095 3451 iam
1118 3408 1178 3470 per
1201 3408 1234 3451 se
1260 3390 1358 3467 clara,
1385 3392 1567 3453 etiamcla-

277 3499 343 3560 rius
368 3497 496 3561 adiecto
522 3497 622 3561 ἕωθεν
648 3496 844 3579 designatur.
868 3497 927 3559 Ec.
954 3497 1016 3559 665
1034 3498 1151 3572 ταύτης
1169 3495 1284 3577 (ετῆς
1302 3497 1470 3580 μάζης)-
1485 3498 1564 3561 ὅταν

190 3595 207 3656 δ’
276 3625 322 3682 τις
346 3604 479 3683 ἀφαιρῇ,
504 3605 563 3683 οὐχ
587 3603 875 3683 ὑβριεῖται-αὖθις
901 3605 1004 3681 „hanc
1030 3623 1103 3665 cum
1128 3604 1199 3682 quis
1224 3605 1254 3666 ei
1278 3603 1484 3667 detraxeris.

322 3711 356 3795 5)
380 3711 430 3774 Ne
453 3710 536 3774 illud
560 3710 692 3792 quidem
717 3713 794 3774 satis
817 3717 1050 3793 perspexerunt
1073 3713 1289 3792 grammatici,
1319 3713 1488 3794 permultis
1513 3714 1561 3775 lo-

278 3823 323 3883 cis
348 3821 467 3882 aoristo
493 3819 576 3881 coni.
601 3817 752 3896 indicari,
776 3838 841 3881 non
864 3823 967 3880 totam
1003 3819 1165 3881 actionem
1200 3818 1372 3900 pendentis
1401 3821 1562 3882 enuntiati,

274 3932 366 4012 prius
389 3927 572 3991 absolutam
595 3933 695 4008 atque
718 3928 842 3990 finitam
863 3947 941 4002 esse,
966 3947 1064 4009 quam
1087 3930 1246 4010 primaria
1263 3931 1351 3991 actio
1368 3931 1485 4008 inierit,
1504 3931 1564 3994 sed

276 4015 499 4100 tantummodo
524 4037 722 4113 incohatam,
747 4042 782 4099 ut
804 4038 936 4118 proprie
960 4035 1103 4116 pendens
1128 4038 1214 4098 actio
1240 4037 1311 4117 ipsa
1340 4036 1454 4099 eodem
1480 4043 1562 4098 tem-

273 4163 353 4225 pore
378 4144 445 4218 fiat,
470 4162 533 4224 quo
556 4143 724 4225 primaria.
751 4140 849 4206 Cuius
873 4143 1000 4224 generis
1027 4142 1176 4222 exempla
1201 4149 1267 4204 tam
1290 4143 1392 4205 multa
1417 4150 1498 4223 sunt,
1524 4151 1560 4208 ut

273 4254 330 4312 vix
354 4270 435 4332 opus
459 4252 500 4313 sit
524 4250 649 4313 afferre.

318 4359 381 4422 Αν.
409 4359 494 4421 1607
519 4358 733 4436 ού-μεῖῑον
758 4359 846 4436 ὑμεῖς
871 4359 901 4423 οἱ
924 4361 991 4422 θεοὶ
1014 4357 1166 4437 ἰσχύσετ’,
1191 4360 1230 4436 ἢν
1255 4356 1380 4436 ὄρνιθες
1417 4359 1558 4436 ἄρξωσιν

177 4492 182 4504 ’
274 4467 360 4529 κάτω
387 4467 433 4544 „si
458 4485 536 4527 aves
559 4466 696 4547 imperio
732 4467 828 4546 potiti
866 4467 1196 4546 ernnt=imperium
1233 4466 1397 4542 tenebunt
1431 4463 1561 4530 Graece

274 4591 404 4653 quoque
430 4571 494 4634 dici
518 4578 649 4653 poterat
672 4573 805 4652 ἄρχωσι.
830 4574 893 4637 Αν.
920 4575 982 4636 967
1008 4575 1086 4638 ὅταν
1111 4575 1268 4651 οἰκήσωσι
1293 4573 1381 4637 λύκοι
1399 4574 1507 4638 πολιαί
1522 4595 1557 4637 τε
