3468 5390
842 417 1021 478 ..66-

294 583 400 656 λεμον;
428 578 487 640 191
516 577 628 640 uus:
652 577 699 653 τίς
723 577 818 640 ἀν-
833 573 950 652 γένοιθ’
964 609 1009 624 --
1023 575 1135 655 ὅρκος;
1162 577 1269 639 Καλ·
1295 577 1328 640 εἰ.
1339 574 1453 640 λευκόν
1476 579 1574 638 ποθεν

291 683 392 746 ἵππον
415 684 575 762 λαβοῦσαι
596 682 715 757 τόμιον.
732 681 946 760 ἐντεμοίμεθα.
1266 681 1269 688 “
1342 703 1345 709 ’
1478 699 1481 708 ’
1528 683 1534 690 ”

340 807 403 869 391
429 805 515 886 (latr.
540 805 655 887 iamb.)
680 803 799 869 οὔκουν
822 805 872 886 (ll.
898 805 1032 882 οὐκοῦν)
1057 804 1106 881 ἄν,
1144 806 1169 868 εἰ
1202 808 1248 869 τὼ
1280 807 1336 882 μέν
1366 804 1451 868 Ξύλω
1475 802 1576 878 θείμε-

296 917 476 988 σθο,·-τῆς
500 912 643 988 ἀμπέλου
668 908 696 976 θ’
722 912 847 989 εἰς·τὴν
870 911 989 990 χύτραν
1012 912 1069 974 τὸν
1093 913 1201 989 φανὸν
1225 911 1411 987 ἐγκαθέντες
1435 907 1580 984 ἅψαντες·

295 1017 350 1082 εἶτ’
371 1019 420 1096 εἰς
443 1015 897 1098 τὴνιθύραν-ἐμπέσοιμενς
933 1018 972 1078 ln
994 1019 1045 1080 his
1069 1017 1094 1078 L
1118 1019 1251 1081 exhibet
1275 1018 1443 1096 θείμεσθα,Ι
1460 1015 1492 1076 R
1510 1010 1583 1084 ’θύι-Δ

296 1131 409 1202 μεσθα,
428 1124 519 1188 ‘unde
542 1123 707 1206 Reisigius
732 1121 839 1206 (Geni.
863 1114 1000 1206 'pj255t
1032 1125 1291 1201 ἢν-θίιμεσθα
1328 1123 1479 1196 coniecit:
1514 1135 1577 1200 que

296 1232 375 1312 quid
400 1233 559 1295 effleiatur
583 1231 735 1311 equidem
757 1251 824 1294 non
843 1232 955 1295 'videa
979 1231 1065 1294 Nam
1090 1217 1272 1313 optativum
1307 1231 1427 1293 rectius
1462 1247 1497 1291 se
1518 1228 1579 1288 λωί-

295 1341 373 1402 bere
394 1343 495 1419 'quem
519 1338 772 1413 coniuncturum,
798 1335 837 1401 ἀν
859 1328 1025 1420 particula
1037 1338 1198 1415 'ostendit3
1235 1338 1291 1401 sed
1327 1334 1421 1418 quod»
1442 1335 1578 1398 verbum

296 1446 338 1508 ad
362 1440 551 1508 ούκουνῡάν
570 1444 732 1521 audiatur,
750 1444 931 1507 ‘nemodum
955 1446 1145 1526 explicavit
1169 1447 1367 1522 ἐμπέσοιμεν
1384 1441 1529 1523 quidem,
1546 1449 1586 1501 ut:

296 1552 394 1614 vertit
417 1551 600 1612 Brunekius
626 1551 776 1630 („quidni
793 1585 834 1598 -
847 1553 881 1612 in
904 1553 1038 1614 ianuam
1063 1553 1287 1634 arietamus“),
1324 1549 1430 1612 audiri
1458 1563 1580 1628 nequa-

296 1677 394 1738 quam
417 1662 533 1738 potest:
560 1658 689 1719 obstant
712 1658 798 1719 enim
822 1659 925 1722 verba
947 1661 992 1722 τὼ
1017 1661 1096 1737 μὲν
1119 1659 1203 1725 ξύλω
1228 1664 1260 1722 et
1283 1661 1340 1734 τῆς
1356 1657 1499 1734 ἀμπέλου
1523 1655 1586 1725 θές

299 1761 384 1824 unde
406 1767 499 1843 patet
522 1762 674 1838 θείμεσθα
696 1764 797 1825 verbo
823 1764 1014 1841 ἐμπέσοιμεν
1031 1764 1244 1844 appositum,
1279 1779 1344 1824 nou
1379 1761 1583 1842 suppositum-

297 1887 376 1932 esse.
400 1867 518 1948 Itaque
535 1889 608 1930 eum
626 1867 777 1931 codicum
793 1872 955 1953 scriptura
971 1877 1124 1952 corrupta
1136 1871 1312 1946 videretur,
1338 1868 1458 1950 duplex
1475 1869 1596 1930 emam*
1718 1909 1719 1982 γ

297 1976 397 2039 dandi
420 1978 477 2038 vie
500 1977 582 2037 inita
605 1983 666 2038 est:
689 1982 746 2038 aut
768 1983 898 2040 servate
923 1979 948 2040 εἰ
984 1994 1057 2039 eum
1094 1979 1252 2059 optativis
1283 1985 1317 2038 et
1348 1975 1516 2058 particula
1544 1972 1583 2036 dv

297 2083 419 2146 οὔκουν
441 2083 475 2144 in
499 2083 526 2145 τί
550 2078 618 2159 δῆτ’
640 2083 697 2145 -vel
728 2083 834 2146 simile
867 2090 1006 2160 mutent,
1042 2090 1077 2147 ut
1114 2083 1317 2166 Blaydssius,
1358 2087 1415 2144 aut
1452 2081 1583 2154 οὐκοῦν,

297 2191 460 2266 θίιμεσθα,
483 2189 675 2266 ἐμπέσωμεν
693 2190 853 2262 scribunt,
878 2190 935 2252 sed
958 2173 1028 2271 pre*
1043 2188 1082 2254 a
1105 2192 1132 2255 εἰ
1157 2190 1247 2252 aliud
1272 2189 1351 2271 quid
1374 2188 1582 2260 sirbstituunt,

296 2301 333 2356 ut
359 2293 553 2374 Blaydesius
577 2297 672 2374 χαμαί
697 2296 800 2378 (quod
824 2302 933 2359 tamen
956 2297 1046 2359 nullo
1069 2305 1167 2378 paeto
1185 2299 1226 2362 ab
1244 2299 1303 2361 Ar'.
1320 2297 1502 2379 profectum
1516 2311 1584 2356 esse

295 2405 412 2483 petest:
437 2400 580 2467 debebat
601 2403 686 2464 enim
711 2403 805 2480 χαμαί
829 2405 939 2466 uerbis
962 2406 1008 2467 ub
1033 2407 1113 2480 μὲν
1136 2405 1220 2468 ξύλω
1255 2404 1434 2487 postponi),
1462 2399 1585 2464 Schen-

296 2509 371 2569 kius
395 2509 441 2590 (p.
467 2509 501 2589 2)
525 2509 655 2580 τὰνῦν,
682 2508 770 2588 quod
793 2529 859 2571 non
881 2511 982 2572 multa
1007 2511 1080 2593 plus
1103 2511 1347 2592 probabilitatis
1374 2511 1484 2572 habat:
1509 2517 1585 2570 uum

295 2616 354 2676 Ar.
378 2616 543 2677 rarissime
567 2615 734 2678 adverbiis
752 2615 852 2678 addit
875 2617 1058 2694 articulum,
1094 2619 1142 2679 ita
1176 2625 1212 2679 ut
1248 2617 1479 2679 adverbiorum
1517 2617 1586 2676 mm

298 2741 363 2783 nun
388 2723 547 2783 amittant:
565 2722 699 2785 duobus
724 2729 849 2784 tantum
872 2724 963 2799 loeis,
988 2726 1015 2788 si
1040 2743 1106 2805 qua
1129 2720 1209 2786 fides
1232 2723 1363 2788 Fallere
1399 2741 1431 2804 p.
1457 2726 1499 2785 87
1527 2725 1586 2784 ha

301 2830 371 2891 beri
392 2835 511 2910 potest,
536 2828 576 2890 N.
605 2833 690 2892 1510
715 2830 752 2892 τό
776 2851 813 2904 γε
836 2831 973 2908 τήμερον
996 2828 1069 2918 (ubi
1094 2839 1204 2894 tamen
1227 2831 1418 2893 Meinekeus
1443 2851 1485 2893 ex
1495 2831 1586 2892 Mue-

301 2936 381 2998 ridis
406 2937 600 2999 austeritate
624 2935 727 2998 edidit
749 2935 788 2998 τό
812 2957 847 3010 γε
868 2937 1010 3014 τήμερον
1033 2938 1125 3020 εἶναι)
1152 2944 1184 3001 et
1198 2938 1238 3002 V.
1257 2941 1344 3001 1074
1356 2940 1394 3001 τὸ
1412 2939 1496 3015 πρίν.
1508 2937 1585 3018 'Ego

302 3045 583 3126 ver0‚his11ugis
608 3044 745 3119 omissis,
769 3044 883 3106 malim
908 3045 1062 3108 traditam
1097 3048 1292 3127 scripturam
1328 3065 1473 3121 servares
1502 3053 1587 3126 quae

301 3171 366 3212 nen
386 3171 429 3212 ea
453 3158 512 3227 est
535 3158 570 3213 ut
595 3169 614 3214 a
637 3152 774 3214 librario
798 3171 858 3232 pro
884 3153 951 3214 alia
974 3154 1070 3217 lauile
1093 3155 1208 3235 reponi
1242 3155 1395 3235 potuerit.
1434 3150 1522 3233 Quid
1559 3152 1586 3214 si

303 3256 345 3316 ad
369 3256 489 3320 oliuouv
513 3257 553 3320 ἀν
576 3258 787 3339 intellegatur
811 3259 957 3340 id‘quod
989 3279 1085 3324 sensu
1119 3263 1297 3342 requiritur
1332 3263 1431 3325 καλὸν
1449 3261 1508 3338 ,είη
1533 3259 1587 3320 vel

303 3367 408 3438 καλῶς
432 3365 575 3441 ἐχοιινολ
599 3365 716 3444 simile:
743 3385 869 3443 „nonne
894 3369 1013 3430 bunum
1035 3370 1089 3444 sit
1113 3369 1225 3432 si“t...‘?
1241 3367 1333 3431 Nam
1357 3370 1385 3431 si
1409 3374 1478 3430 tota
1508 3385 1587 3449 apo·

303 3469 389 3532 dosis
412 3471 475 3532 hee
499 3471 682 3552 significatu
705 3473 838 3536 reticeri
860 3479 968 3554 petest
1003 3475 1138 3556 (Krueg.
1165 3477 1217 3551 54,
1245 3481 1295 3551 12,
1324 3478 1374 3538 12.
1412 3471 1586 3538 Goodwirr.

302 3580 382 3644 4821
409 3583 465 3640 aut
487 3579 514 3640 si
539 3579 572 3640 in
595 3578 636 3641 N.
663 3582 726 3642 227
752 3581 841 3656 είπερ
865 3581 918 3644 vel
943 3583 978 3643 irr
999 3582 1040 3643 R.
1066 3583 1107 3645 99
1133 3582 1223 3659 ὅστις
1245 3602 1305 3663 per
1328 3587 1362 3643 se
1397 3587 1461 3642 stat
1483 3582 1586 3643 verbu

303 3685 538 3763 umissquuid
562 3694 610 3748 est
633 3687 722 3767 quud
745 3687 834 3749 idem
858 3689 946 3770 apud
970 3689 1090 3762 ούκοον
1113 3689 1153 3753 ἄν
1177 3691 1247 3752 lieri
1263 3684 1545 3771 pessenegemus?
1583 3745 1585 3752 ,

350 3812 411 3874 399
437 3811 464 3874 τί
488 3809 556 3888 δῆτ’
581 3812 630 3890 ἀν,
657 3814 683 3875 εἰ
707 3813 821 3877 πύθοιο
847 3817 898 3877 καὶ
921 3817 978 3892 τὴν
1002 3815 1096 3878 τῶνδ’
1122 3815 1222 3893 ilibus
1254 3819 1337 3877 1112
1357 3815 1429 3894 οὐχὶ
1446 3812 1588 3893 χαλεπὸν

303 3919 451 3996 τοῦργον,
478 3917 503 3980 εἰ
526 3917 619 3996 λάβοι
642 3920 678 3994 γε’
701 3940 747 3997 τις
778 3919 954 3998 ὀργῶντας.

349 4039 389 4102 R.
418 4041 502 4101 1158
528 4040 589 4119 (δὶς
612 4039 730 4104 ταύτὸν
755 4041 857 4123 εἶπεν)
882 4043 993 4121 ὥσπερ
1017 4045 1046 4120 γ’
1072 4045 1168 4122 εἴτις
1193 4046 1276 4108 εἴποι
1299 4047 1424 4121 γείτονι.
1462 4047 1545 4107 1416
1564 4042 1589 4105 εί

304 4154 369 4211 τάιν
391 4151 543 4224 πολιτῶν,
569 4145 639 4210 οῖσι
662 4150 720 4214 νῦν
743 4149 944 4229 πιστεύομεν,
969 4152 1094 4230 τούτοις
1130 4153 1373 4230 ἀπιστήσαιμεν,
1410 4152 1461 4230 οἷς
1496 4153 1528 4217 δ’
1550 4151 1587 4214 οὐ

305 4257 463 4332 χρίιμεθα,
488 4254 628 4318 τούτοισι
652 4257 873 4333 χρησαίμεσθ’,
898 4259 979 4336 ἴσως
1003 4264 1164 4338 σωθεῖμεν
1188 4259 1238 4337 ἄν,
1274 4259 1330 4322 ubi
1365 4260 1440 4322 libri
1478 4266 1589 4323 eontra

304 4367 442 4422 metrum
467 4368 614 4424 elusum
639 4361 845 4442 antiquorum
871 4367 1060 4446 σωθείημεν,
1085 4365 1124 4430 ιλιι
1150 4385 1214 4448 quo
1250 4366 1326 4430 vide
1359 4365 1585 4432 Rutlrerlurdii

306 4463 375 4525 The
400 4479 474 4527 ιἰειν
497 4468 619 4548 Plrryn.
643 4487 675 4552 p.
701 4471 776 4535 4:31,
1039 4470 1042 4476 ’
