3446 5396
681 409 882 469 -175-

135 565 214 630 ινία.
242 565 304 630 778
327 563 379 644 (N.
406 567 500 628 7252.
525 566 563 628 P.
589 567 664 630 857.
688 566 747 632 Εο.
773 565 851 648 350)
876 569 937 628 etc.
962 564 1132 628 Notandus
1159 569 1265 630 tamen
1281 568 1328 628 est
1339 584 1414 628 usus

135 673 236 738 bituri
259 672 336 750 ind„
363 672 451 754 quod
474 692 572 757 saepe
595 694 672 752 non,
696 679 732 738 ut
754 675 787 740 in
809 673 922 739 liberis
946 675 1130 754 enuntiatis,
1155 675 1345 762 simpliciter
1366 675 1418 760 fu·¹

136 785 243 866 tunam
268 778 430 842 actionem
456 779 613 864 designat,
637 779 695 844 sed
717 779 841 844 modali
863 799 968 868 sensu,
985 786 1021 864 ut
1044 782 1147 860 μέλλω
1173 801 1246 848 cum
1281 782 1336 847 inf.
1360 781 1414 845 vel

135 887 254 950 Latina
277 887 463 970 coniugatio
486 884 724 971 periphrastica
747 888 772 974 Ι,
798 888 862 952 tale
885 889 1010 971 aliquid
1038 889 1209 972 significat,
1242 889 1329 972 quod
1344 883 1415 955 fieri

136 994 247 1076 possit
272 994 422 1078 exempla
445 993 520 1058 vide
544 1015 642 1079 supra
665 996 697 1077 in
734 995 918 1062 causalibus
954 1000 985 1060 ct
1021 997 1237 1060 consecutivis
1267 996 1414 1061 relativis

139 1102 312 1166 sententiis.
820 1185 822 1192 y

178 1209 355 1274 Praeterea
380 1215 453 1274 sunt
475 1212 496 1272 4
520 1212 596 1288 loci,
619 1213 659 1276 de
683 1213 800 1295 qmbus
823 1212 922 1276 fusius
947 1210 1173 1292 exponendum
1205 1217 1263 1276 est.

172 1315 306 1398 'Horum
330 1314 394 1379 duo
418 1317 542 1383 habent
562 1319 789 1403 imperfectum
812 1317 890 1396 ind„
914 1317 1058 1383 sednon
1082 1320 1201 1384 usitato
1225 1339 1329 1412 sensu.

179 1424 218 1488 Vs
245 1426 307 1488 732
333 1423 422 1508 (lyr.)
448 1422 506 1490 εἴθ’
532 1426 659 1506 ὤφελέν
684 1449 736 1508 μοι
775 1429 921 1506 κηδεμὼν
957 1426 1037 1493 είναί
1071 1449 1128 1506 τις,
1165 1425 1259 1505 ὅστις
1293 1426 1411 1492 τοιαῦτ’

137 1527 306 1593 ἐνουθέτει.

176 1635 237 1699 Τδ.
263 1639 325 1702 835
354 1635 424 1718 (tr.)
448 1640 576 1714 χρῆν-
593 1638 822 1715 προεδρίαν-
835 1637 914 1720 αὐτῇ
940 1639 1086 1703 δίδοσθαι
1102 1638 1262 1716 Στηνίοισι
1280 1639 1329 1702 καὶ
1344 1639 1413 1702 Σκί-

133 1763 203 1820 ροις
228 1743 262 1808 ἔν
285 1763 319 1807 τε
342 1747 412 1821 ταῖς
436 1743 751 1823 ἄλλαις-ἑορταῖς,
777 1745 865 1811 αἷσιν
888 1745 979 1826 ἡμεῖς
1002 1747 1132 1824 ἤγομεν.
1348 1729 1351 1734 ’

181 1846 308 1940 Quibus
330 1850 412 1914 locis
434 1852 624 1934 imperfecto
649 1870 713 1916 non
736 1854 948 1938 praeteritum
973 1858 1098 1937 tempus
1122 1852 1307 1935 significari,
1341 1853 1412 1933 qui-

136 1959 184 2022 vis
207 1957 307 2037 videt,
332 1958 390 2022 sed
412 1959 502 2042 impf.
524 1961 669 2043 positum
693 1965 741 2024 est
774 1965 908 2043 propter
945 1960 1210 2024 assimilationem
1241 1959 1411 2024 modorum

135 2085 218 2149 quae
241 2066 361 2130 dicitur
385 2064 572 2150 (Goodwin.
599 2070 675 2132 559.
698 2067 819 2154 Krueg.
838 2071 890 2145 54,
918 2070 968 2147 10,
987 2069 1015 2131 6.
1040 2068 1204 2132 Kuehner.
1227 2069 1301 2145 399,
1320 2069 1349 2144 6,
1366 2053 1415 2150 α).’

135 2174 198 2238 Sed
221 2179 358 2255 uterque
380 2174 473 2238 locus
497 2175 606 2240 nescio
631 2175 709 2256 quid
732 2176 841 2252 habet,
876 2175 964 2258 quod
997 2177 1283 2259 grammaticorum
1317 2195 1412 2258 prac-
1507 2197 1510 2202 ¹

138 2283 236 2364 ceptis
258 2287 427 2366 repugnet.
451 2281 557 2348 Docet
580 2283 665 2346 enim
689 2279 890 2348 Goodvvinus
914 2284 1023 2366 5562,
1042 2284 1308 2350 assimilationem
1322 2283 1411 2350 modi

141 2389 199 2453 nisi
220 2391 253 2454 in
276 2390 557 2456 condicionalibus
581 2390 728 2454 relativis
753 2392 925 2456 enuntiatis
947 2390 1057 2454 locum
1080 2392 1202 2456 habero
1226 2409 1291 2456 nou
1305 2410 1410 2472 posse.

141 2492 258 2560 Horum
281 2502 390 2560 autem
413 2496 560 2560 locorum
578 2497 614 2560 in
638 2497 751 2577 altero,
776 2499 832 2578 qui
856 2517 896 2561 ex
919 2496 1035 2578 Vespis
1057 2497 1179 2578 petitus
1204 2501 1261 2574 est,
1285 2502 1411 2562 senteu-

140 2603 182 2668 tia
203 2604 343 2668 relativa
366 2585 413 2670 es't
436 2604 542 2668 finalis
559 2604 649 2688 (nam
661 2605 724 2666 nisi
736 2604 862 2683 ὤφελεν
873 2602 1094 2685 praecederet,
1109 2603 1143 2666 in
1156 2605 1316 2668 sententia
1327 2602 1410 2670 rela-

138 2711 203 2776 tiva
218 2711 360 2775 futurum
383 2712 450 2777 ind.
468 2719 560 2792 esset,
577 2716 612 2775 ut
626 2711 780 2791 βούλομαι
793 2710 874 2790 ἔχειν
887 2711 1046 2788 κηδεμόνα
1058 2713 1137 2788 τινά,
1154 2709 1245 2788 ὅστις
1260 2711 1410 2788 νουθετή-

133 2819 205 2901 σει);
230 2820 412 2902 imperfecti
434 2821 535 2902 igitur
556 2819 611 2882 hic
636 2818 751 2882 cadem
774 2818 858 2880 ratio
884 2820 941 2893 est,
978 2835 1061 2897 quae
1096 2817 1131 2880 in
1161 2817 1321 2884 similibus
1355 2836 1410 2900 ge-

134 2926 237 3008 nuinis
261 2927 413 2990 finalibus
437 2946 512 2990 cum
532 2928 595 2992 ἵνα.
619 2926 733 2990 Altero
758 2925 841 3003 loco,
866 2925 923 3005 qui
947 2928 1059 2987 estex
1100 2923 1420 3019 Thesmophorianug

134 3033 183 3110 sis,
209 3035 400 3098 assimilatio
424 3035 529 3116 magis
554 3034 653 3096 ctiam
675 3033 760 3096 mira
783 3037 840 3098 est
865 3052 952 3109 nam,
988 3037 1024 3095 ut
1062 3029 1269 3099 Goodvvinus
1287 3016 1414 3126 ibidem

133 3139 237 3225 docet,
260 3143 288 3206 si
312 3142 471 3226 sententia
493 3140 634 3228 relativa
658 3140 700 3204 ad
720 3159 789 3204 rem
821 3139 988 3204 definitam
1019 3139 1166 3219 refertur,
1206 3140 1297 3204 nulla
1336 3141 1415 3203 assi·

132 3247 256 3334 milatio
280 3252 389 3332 potest
412 3265 490 3322 esse,
515 3246 574 3310 sed
595 3245 793 3310 indicativus
815 3247 948 3328 ponitur
972 3245 1081 3308 aliave
1099 3249 1310 3324 oonstmctio,
1329 3223 1424 3328 quae

130 3374 223 3418 sensu
244 3355 438 3440 postulatur.
461 3354 524 3417 Hic
546 3355 657 3438 igitur,
683 3375 756 3418 cum
779 3353 861 3418 illud
885 3354 1087 3418 enuntiatum
1109 3335 1321 3435 ipsum'nihil
1336 3373 1411 3416 oon-

130 3461 292 3524 diciunale
312 3464 444 3539 habeat,
469 3461 641 3526 dicendum
666 3467 736 3526 enat
760 3459 820 3536 ἄγα
828 3482 894 3540 μεν.
921 3457 1018 3542 Quod
1053 3461 1109 3541 qui
1143 3462 1241 3528 sensit
1273 3445 1420 3546 Blayde's

132 3569 203 3632 sius
228 3569 449 3652 reponendum
475 3575 583 3634 censet
606 3570 645 3646 ἃς
669 3568 788 3647 ἄγομεν
810 3567 902 3646 ἡμεῖς
926 3567 973 3632 ἀεί
990 3572 1047 3630 aut
1062 3569 1101 3646 ἃς
1118 3566 1236 3645 ἄγομεν
1249 3569 1411 3634 ἑκάστοτε.

127 3674 197 3738 Nec
223 3681 331 3740 tamen
353 3675 563 3740 sollicitanda
586 3681 634 3738 est
658 3675 793 3757 vulgato
826 3675 995 3755 scriptura,
1035 3679 1067 3739 et
1103 3675 1294 3738 assimilatio
1322 3659 1411 3739 modi

131 3803 196 3847 non
219 3786 323 3868 magis
347 3790 439 3847 extra
462 3784 627 3867 legitimos
650 3784 729 3846 fines
751 3787 936 3868 propagata
959 3787 1007 3846 est
1031 3799 1128 3862 quam
1163 3783 1327 3864 optativus
1350 3785 1410 3848 ite·

131 3892 253 3954 nativus
274 3894 308 3955 in
332 3892 503 3956 Aeschinis
527 3891 600 3954 loco
624 3891 667 3970 Π,
694 3895 746 3968 31,
772 3910 792 3951 a
814 3889 1039 3971 Frohbergero
1075 3889 1116 3956 ad
1146 3889 1218 3971 Lvs.
1249 3889 1342 3968 XIX,
1368 3892 1408 3952 35

136 3999 247 4065 allato.
1051 3983 1054 3988 ¹
1120 3981 1124 3988 ¹
1274 3981 1277 3988 Δ
1408 3983 1412 3990 ’

171 4105 305 4189 Reliqui
330 4107 393 4170 duo
417 4108 483 4170 loci
507 4113 619 4170 contra
652 4125 744 4171 usum
769 4103 951 4170 Atticorum
989 4106 1230 4170 coniunctivum
1265 4127 1323 4192 pro
1357 4107 1410 4170 ‘fu-

129 4195 348 4280 turo'habcnt
373 4218 405 4278 in
431 4216 598 4279 sententiis
621 4216 767 4280 relativis
792 4215 951 4278 finalibus

174 4321 212 4388 Ε.
240 4327 324 4418 1322
350 4325 430 4408 (an.)
456 4323 518 4418 τίν’Δ
538 4326 622 4402 ἔχων
646 4325 756 4402 φήμην
780 4325 908 4415 ἀγαθὴν
926 4324 1026 4402 ἥκεις,
1064 4320 1116 4401 ἐφ’
1154 4320 1220 4406 δ’τιρ
1252 4311 1409 4404 κνισῶμεν

131 4433 250 4510 ἀγυιάς
1141 4427 1143 4436 ’
1348 4417 1351 4422 ’
1420 4412 1425 4422 ’

173 4539 210 4601 Ρ.
238 4541 300 4600 522
324 4540 423 4602 πόθεν
449 4539 488 4602 ἂν
512 4540 636 4616 λάβοιμι
662 4537 745 4616 ῥῆμα
769 4535 1001 4616 μυριάμφορον,
1030 4535 1097 4622 ὅτῳ
1121 4537 1289 4612 προσείπω
1314 4555 1363 4616 σε;
1407 4519 1413 4528 ’
