3466 5406
812 455 992 529 -30'-

302 628 361 692 Th.
389 633 452 693 223
477 631 603 708 ἐμβαλῶ
629 645 682 694 σοι
705 625 876 705 πάτταλον,
900 629 940 704 ἣν
964 629 1003 706 μή
1030 631 1165 708 σιωπᾷς.
1205 627 1268 688 267
1297 628 1336 704 ἢν
1371 631 1548 708 λαλῇς,-

225 735 231 748 “
261 737 352 814 ὅπως
376 743 421 818 τῷ
446 738 600 815 φθέγματι
623 737 803 811 γυναικιεῖς.

304 847 364 906 271
392 844 451 908 οὔκ
475 848 534 924 (so.
552 842 744 925 βαδιοῦμαι),
761 843 800 920 ήν
817 862 853 916 γε
869 843 910 920 μὴ
928 840 1055 925 ὀμόσῃς
1073 843 1141 920 ἐμοὶ
1155 845 1402 908 -συσσώσειν
1419 843 1486 920 έμέ,
1501 879 1548 888 -

258 950 298 1028 ήν
323 951 374 1026 μοί
397 970 423 1013 τι
446 950 630 1032 προσπίπτῃ
655 951 764 1014 κακόν.
790 946 927 1012 Codices
949 949 1130 1026 περιπίπτῃ,
1152 951 1238 1029 quod
1260 951 1338 1031 quia
1353 949 1393 1012 de
1407 950 1547 1012 homine

259 1056 385 1132 dicitur,
411 1057 444 1117 in
467 1055 590 1117 malum
611 1055 785 1131 incidente,
810 1073 875 1117 non
900 1054 939 1117 de
963 1056 1033 1136 ipso
1056 1056 1155 1134 malo,
1181 1057 1266 1137 qnod
1292 1058 1392 1119 alicui
1409 1057 1546 1132 accidit,

258 1162 359 1244 (quod
383 1162 502 1225 dicitur
524 1161 760 1242 προσπίπτειν),
784 1167 873 1224 recte
889 1161 1019 1224 videtur
1033 1162 1273 1226 Herwerdenus
1285 1163 1453 1227 lenissima
1468 1183 1548 1228 con·

258 1271 382 1332 iectura
406 1270 630 1334 soloecismum
653 1270 841 1344 removisse,
867 1288 1064 1350 quamquam
1088 1269 1363 1352 palaeographice
1395 1272 1453 1332 vix
1483 1272 1549 1333 ista

260 1377 403 1439 confusio
428 1377 585 1458 explicari
608 1381 725 1459 potest,
749 1382 785 1438 ut
808 1375 927 1458 colligo
952 1395 992 1438 ex
1015 1375 1118 1438 Bastii
1143 1374 1266 1441 Oornm.
1292 1378 1357 1459 pal.
1382 1397 1415 1460 p.
1443 1379 1523 1442 838.

305 1485 368 1544 677
394 1483 483 1566 (lyr.)
507 1483 566 1549 κᾶν
589 1487 629 1562 μή
654 1489 773 1548 ποιιῖισι
792 1486 902 1561 ταῦτα,
927 1479 1028 1548 τοιάδ’
1048 1483 1148 1547 ἔσται.

305 1593 369 1652 926
395 1590 435 1654 οὐ
458 1593 520 1669 γὰρ
544 1591 709 1667 προδώσω
733 1589 891 1654 οὐδέποτέ
916 1586 959 1667 σ’,
981 1590 1083 1668 ήνπερ
1104 1589 1239 1666 ἐμπνέω.
1264 1590 1316 1653 Ita
1340 1589 1442 1654 edidit
1467 1593 1549 1656 Vel-

260 1718 353 1762 senus
380 1698 502 1778 aliique
528 1697 567 1760 de
591 1697 779 1759 coniectura
793 1697 937 1774 Elmslei‚
957 1697 1014 1776 qui
1031 1696 1179 1760 codicum
1197 1699 1299 1761 verba
1316 1695 1363 1780 (σ’
1380 1698 1546 1783 οὐδέποτ’)

259 1791 579 1887 transposuitouod
602 1805 636 1866 in
660 1805 793 1866 senariis
821 1803 954 1866 comicis
978 1804 1141 1868 rarissime
1178 1809 1387 1888 anapaestum
1411 1807 1549 1871 incohet

261 1913 310 1988 ἀν,
336 1915 406 1991 γάρ,
432 1915 477 1991 δέ,
503 1915 569 1991 μέν,
595 1911 657 1989 ἀρα
681 1917 737 1974 aut
760 1912 828 1974 ulla
852 1911 1012 1974 enclitioa.
1054 1910 1145 1992 Quae
1179 1911 1241 1991 lex,
1278 1915 1427 1994 quamvis
1463 1933 1549 1976 vera

262 2022 311 2096 sit,
338 2020 380 2083 ad
403 2022 488 2082 huno
511 2020 619 2082 locum
643 2019 828 2100 similesque
851 2037 915 2080 non
938 2020 1101 2100 pertinere
1125 2020 1206 2081 mihi
1230 2019 1368 2082 videtur:
1404 2039 1482 2082 nam
1514 2021 1549 2082 in

264 2127 422 2191 οὐδέποτε
447 2132 479 2190 et
503 2129 658 2206 μηδέποτε
681 2126 741 2188 illa
764 2127 827 2188 tria
851 2125 890 2189 οίι
915 2125 986 2208 (μή)
1011 2128 1046 2190 δέ
1069 2129 1147 2191 ποτέ
1172 2127 1254 2189 adeo
1279 2128 1363 2190 inter
1398 2145 1431 2190 se
1469 2147 1548 2192 coa-

260 2234 397 2308 luerunt,
422 2238 457 2295 ut
479 2252 610 2315 prorsus
643 2252 703 2314 pro
731 2235 878 2314 partibus
912 2234 1006 2296 nnius
1041 2235 1132 2296 vocis
1167 2236 1358 2298 habeantur.
1394 2234 1547 2310 Accedit,

263 2340 351 2421 quod
372 2342 488 2404 incisio
514 2319 681 2424 anapaesti
704 2342 738 2402 in
761 2340 901 2403 secundo
931 2346 962 2403 et
986 2345 1101 2422 quarto
1136 2340 1231 2422 pede,
1268 2341 1396 2404 etiamsi
1430 2341 1550 2405 fortior

259 2448 476 2529 interpunctio
511 2453 584 2529 post
618 2449 785 2511 elisionem
807 2447 989 2525 intercedit,
1028 2449 1109 2510 nihil
1145 2447 1328 2511 offensionis
1363 2450 1473 2526 habet,
1511 2456 1549 2512 ut

260 2555 481 2619 Bernhardius
504 2554 600 2620 docet
624 2557 669 2637 (p.
697 2556 774 2637 279)
798 2556 901 2617 multa
924 2555 1109 2618 huiusmodi
1146 2556 1297 2638 exempla
1318 2557 1475 2646 afferens,
1512 2558 1547 2619 in

262 2663 379 2742 quibus
404 2662 467 2725 duo
491 2668 564 2725 sunt
587 2668 695 2728 nostro
720 2662 895 2725 simillima:
919 2662 977 2726 Ec.
1007 2664 1086 2726 1011
1115 2663 1193 2726 κούκ
1217 2663 1257 2726 ἂν
1279 2663 1428 2741 πιθοίμην
1450 2665 1548 2728 οάδέ·

261 2767 494 2835 ποτ’.-ἀλλά
518 2771 556 2848 νή
581 2769 645 2835 Δία
669 2775 701 2832 et
723 2769 781 2832 Ec.
809 2771 893 2831 1075
927 2770 972 2846 ὡς
1008 2768 1067 2832 οὐκ
1103 2769 1223 2846 ἀφήσω
1260 2767 1290 2833 σ’
1325 2767 1549 2834 οὐδέποτ’.-

263 2874 341 2938 οάδὲ
377 2876 438 2953 μὴν
474 2876 548 2952 ἐγώ,
573 2893 654 2955 quos
679 2876 768 2938 locos
791 2875 990 2953 Meinekeus,
1016 2895 1089 2938 cum
1124 2876 1157 2936 in
1190 2873 1252 2937 Th.
1289 2877 1353 2938 926
1388 2873 1547 2940 Elmsleio

262 2983 433 3046 obsecutus
456 2986 546 3059 esset,
572 2983 636 3046 sibi
657 3002 722 3045 non
747 2986 894 3046 constans
918 2985 1056 3044 intactos
1079 2982 1220 3062 reliquit,
1246 2981 1403 3046 Velsenus
1425 2989 1548 3062 antem,

260 3087 435 3151 violentius
459 3094 631 3169 grassatus,
657 3091 801 3152 omnium
824 3091 982 3153 librorum
1007 3091 1200 3152 auctoritate
1231 3090 1389 3172 neglecta,
1426 3111 1466 3154 ne
1505 3094 1546 3155 ab

263 3194 315 3255 his
340 3194 470 3274 quidem
494 3214 626 3258 manum
651 3195 817 3257 abstinuit.

310 3301 373 3361 934
397 3300 488 3382 παῖ’,
513 3301 553 3377 ἢν
576 3300 694 3383 προσίῃ
719 3321 764 3378 τις
788 3300 943 3383 (repetita
973 3301 1082 3382 actio).
1123 3300 1207 3362 1187
1243 3297 1405 3382 (Scythes)
1430 3303 1547 3366 κλαῦσί

265 3406 312 3488 (ll.
338 3411 473 3470 κλαυσεῖ
495 3411 527 3469 et
551 3407 679 3489 κλαυσῖ)
703 3405 742 3485 γ’,
768 3407 807 3470 ἂν
832 3408 871 3486 μὴ
899 3405 987 3471 ’νδον
1011 3408 1119 3490 μένῃς.

307 3511 347 3579 R.
375 3514 437 3574 599
463 3513 550 3595 (lyr.)
588 3513 756 3590 ἀήτα-ἢν
790 3515 933 3592 χρηστὸν
968 3515 987 3596 ᾗ
1023 3535 1061 3594 τι,
1097 3513 1180 3578 τοῦτ’
1219 3514 1424 3593 ἀφαιρεῖσθαι
1451 3517 1548 3581 πάλιν

264 3621 448 3697 πειράσεταί
471 3616 501 3697 μ’
527 3619 561 3684 εὖ
587 3620 649 3684 οἶδ’
674 3621 731 3685 ὅτι.
759 3622 821 3684 737
847 3623 915 3702 (tr.)
952 3625 984 3687 ἐξ
1010 3622 1224 3687 ἀξίου-τοῦ
1250 3622 1357 3700 idion,
1382 3623 1422 3701 ήν
1445 3643 1471 3687 τι
1496 3626 1547 3686 καὶ

265 3727 418 3806 πάσχητε,
441 3727 575 3806 πάσχειν
599 3731 668 3806 τοῖς
691 3731 813 3806 σοφοῖς
838 3729 1004 3806 δοκήσετε.
1032 3731 1094 3792 792
1113 3729 1171 3793 κάν
1188 3731 1244 3808 μὲν
1261 3730 1419 3810 Αἰσχύλος
1435 3736 1545 3812 κρατῇ,

268 3833 424 3917 (ἔμελλεν)
450 3833 529 3898 έξειν
553 3836 631 3899 κατὰ
654 3837 775 3914 χώραν·
800 3836 824 3900 εἰ
848 3839 883 3900 δέ
907 3839 947 3915 μή
973 3841 1037 3902 κτλ.
1066 3839 1149 3900 1135
1176 3838 1232 3902 ἐὰν
1256 3839 1346 3921 πείθῃ
1363 3836 1391 3914 γ’
1409 3839 1476 3917 ἐμοί
1491 3840 1546 3918 (so.

267 3940 449 4024 σιωπήσει).
478 3940 561 4003 1229
586 3941 644 4005 ἐὰν
667 3943 757 4026 πείθῃ
781 3943 810 4019 γ’
836 3941 904 4023 ἐμοί
928 3945 985 4028 (so.
1010 3943 1152 4034 ὠνήσει).
1184 3946 1268 4008 1519
1305 3943 1385 4028 (an.)
1422 3946 1480 4009 κάν
1505 3947 1546 4026 μή

266 4047 388 4128 ταχέως
412 4047 545 4125 ήκωσιν,
569 4047 875 4128 έγὼ-αὐτοὺς-
890 4054 969 4115 κατὰ
991 4054 1051 4129 γῆς
1073 4051 1198 4131 ταχέως
1224 4051 1416 4131 ἀποπέμψω.

310 4155 369 4218 Ec.
395 4156 436 4218 98
460 4155 833 4236 ἢν-ἐγκαθεζώμεσθα
856 4159 1017 4237 πρότεραι,
1042 4159 1195 4237 λήσομεν.
1232 4160 1296 4221 248
1328 4161 1369 4237 ἢν
1399 4161 1547 4240 Κέφαλός

268 4277 322 4325 σοι
346 4267 676 4341 inhonorat-nug
701 4264 843 4344 ἀντερεῖς
865 4267 949 4344 πρὸς
975 4264 1086 4342 αὐτόν;

313 4371 376 4432 251
404 4372 526 4447 Γυνή·
555 4372 582 4434 τί
605 4371 644 4448 δ’,
671 4373 712 4449 ἢν
738 4373 1037 4451 Νεοκλείδης-σε
1061 4377 1202 4456 λοιδορήῑ
1227 4374 1346 4450 Πρα·
1370 4374 1473 4458 τούτῳ
1492 4377 1548 4452 μὲν

268 4474 358 4538 εἶπον
375 4477 418 4554 εἰς
435 4481 532 4556 κννδς
548 4481 652 4556 πυγὴν
669 4478 757 4557 ὁρᾶν.
775 4478 826 4542 De
843 4481 876 4541 vi
894 4481 1006 4542 coristi
1023 4479 1115 4545 είπον
1129 4480 1247 4542 multos
1265 4479 1414 4543 dubitare
1438 4483 1549 4547 video,

267 4597 341 4640 cum
365 4601 473 4646 sensus
496 4586 636 4649 futurum
659 4588 805 4669 requirat
841 4585 913 4667 Qua
930 4588 970 4650 de
987 4608 1085 4650 causa
1098 4587 1280 4652 Brunokius
1296 4567 1335 4651 ex
1351 4591 1547 4672 interpolato
