3446 5396
696 417 894 480 —145-

517 669 551 757 1)
579 665 857 740 Εμνννιιικ
884 663 1072 738 aeroas

203 851 221 912 2
247 847 328 912 locis
351 847 570 910 inveniuntur:
585 845 626 908 N.
641 848 717 908 770.
741 846 799 908 Ec.
818 847 870 924 69,
887 864 1025 927 quorum
1041 847 1076 910 in
1088 846 1145 909 illo
1155 846 1300 928 protasis
1317 849 1436 930 opteti-

156 974 234 1016 vum
258 953 359 1017 habet
380 957 516 1038 propter
539 954 767 1016 attractionem
790 951 990 1037 modilquae
1013 958 1161 1032 vocatur,
1187 954 1265 1036 quia
1287 953 1438 1035 opodoeis
1483 978 1485 983 ·

158 1062 226 1123 eine
261 1061 333 1144 ipse
367 1065 415 1124 est
438 1062 471 1123 in
499 1059 699 1144 condicione,
740 1062 887 1154 optativo
926 1059 1025 1140 elata
1049 1061 1151 1126 altero
1175 1061 1249 1126 loco
1274 1063 1440 1145 optativis

156 1169 190 1231 in
208 1168 337 1250 protasi
358 1174 533 1252 propterea
556 1170 679 1252 positus
703 1173 761 1247 est,
786 1167 874 1248 quod
897 1167 1241 1248 inconstantinam,
1255 1187 1296 1232 ex
1310 1168 1439 1251 praete·

157 1276 221 1338 rito
260 1295 425 1360 suspenso,
462 1276 560 1353 elata,
600 1276 735 1357 obliqua
772 1277 919 1340 oratione
956 1277 1149 1341 continetur.
1183 1277 1332 1359 Utroque
1366 1277 1439 1344 loco

158 1382 318 1463 optativus
340 1383 375 1445 in
397 1383 522 1466 protasi
557 1388 605 1445 est
637 1384 828 1463 praesentis,
856 1385 1019 1459 actionem
1042 1391 1350 1470 contemporaneam
1372 1386 1440 1468 pri-

159 1493 284 1556 mariae
308 1493 504 1576 significans.
663 1475 665 1482 ¹

203 1597 245 1666 N.
272 1600 336 1663 770
361 1601 388 1665 ri
412 1601 480 1679 δῆτ’
505 1599 555 1680 ἄν,
580 1599 749 1669 εί-ὁπότε
772 1601 930 1681 γράφοιτο
953 1604 1012 1686 πἠν
1036 1603 1125 1684 δίκην
1148 1601 1439 1682 δγραμματειίς,-

159 1711 197 1774 τὰ
222 1705 378 1790 γράμματ’
400 1708 566 1788 ἑκτήξαιμη

203 1813 263 1879 Εο.
289 1812 329 1878 69
345 1815 552 1896 ἔχετε-τοὺς
564 1818 735 1896 πώγωνας,
749 1817 808 1895 οὓς
824 1817 923 1895 εἴρητ’
938 1819 1021 1900 ἔχειν
1055 1819 1210 1906 πάσαισιν
1233 1817 1319 1898 ἡμῖν,
1342 1817 1441 1894 ὁπότε

162 1923 401 2004 συλλεγοίμεθα;
1352 1935 1354 1940 ’

474 2059 510 2150 ν)
538 2057 814 2134 encoenia
841 2057 1155 2132 serenante..

204 2237 243 2304 In
256 2237 384 2322 protasi
407 2241 428 2301 4
456 2237 538 2302 loeis
555 2217 712 2320 praesens
736 2219 868 2331 optativi
891 2239 1022 2322 legitur,
1036 2239 1198 2307 actionem
1216 2243 1441 2326 contempora-

171 2367 257 2411 neam
280 2347 459 2431 primariae
496 2347 692 2430 significans,
730 2351 746 2409 7
784 2345 1052 2411 locis-coristus
1092 2346 1234 2427 optativi,
1266 2365 1330 2429 quo
1355 2350 1441 2428 actio

171 2455 300 2519 atteram
326 2453 520 2519 antecedens
544 2455 716 2534 indicatur,
745 2459 758 2516 l
786 2454 927 2537 deniqne
950 2455 1023 2518 loco
1045 2473 1201 2536 praesens
1229 2474 1300 2518 cmo
1323 2457 1443 2522 αονίοίο

167 2563 196 2625 in
221 2562 336 2627 eadem
361 2565 520 2627 sententia
551 2563 680 2646 legitur.

544 2752 786 2838 Praesens
821 2753 1054 2834 optativi

208 2921 370 3008 Apodost's
394 2925 543 2988 omnibus
563 2923 646 2986 locis
669 2922 854 3005 imperfecto
878 2921 966 2983 elata
990 2925 1047 2984 est.

210 3029 251 3097 V.
277 3033 340 3096 279
365 3051 382 3096 c
406 3032 498 3116 (lyr.)
522 3027 612 3096 ὁπότ’
637 3023 817 3110 ἀντιβολοίη
841 3029 1063 3107 τις,-ἔλεγεν.
1294 3113 1297 3120 ⁴
1349 3115 1351 3129 Ι

209 3141 267 3204 Εο.
294 3142 334 3202 62
361 3139 457 3206 ὁπόθ’
479 3140 751 3220 ἁνήρ-οἴχοιτό
775 3139 1120 3217 noa-expansam,
1144 3139 1201 3202 ubi
1224 3135 1330 3230 νιιιίναΙ
1350 3133 1443 3204 ὁπόθ’

166 3249 248 3327 ἁνήρ
271 3267 332 3330 pro
355 3246 554 3326 ὁπότ’·ἀνήρ
577 3250 665 3310 recte
688 3265 709 3308 e
730 3245 885 3308 Dawesio
908 3245 1162 3320 restituta'sunt,
1187 3237 1251 3323 ooo
1265 3249 1374 3309 autem
1385 3263 1445 3328 pro

168 3376 220 3434 μοι
242 3356 362 3418 frustra
385 3375 406 3418 a
427 3354 568 3418 Velseno
591 3354 770 3437 repositum
795 3357 852 3416 est.
1279 3345 1282 3353 ’

213 3465 277 3528 270
301 3463 477 3527 ὑποδεῖσθε
488 3463 580 3539 -τὰς
603 3462 800 3540 Λακωνικάς,
825 3461 937 3539 ὥσπερ
960 3461 1019 3526 τὸν
1043 3459 1135 3538 ἄνδρ’
1160 3459 1301 3536 ἐθεᾶσθ’,
1329 3458 1378 3526 ὅτ’
1402 3462 1447 3541 εἰς

170 3569 338 3650 ἐκκλησίαν
361 3572 468 3649 μέλλοι
494 3569 627 3648 βαδίζειν
649 3569 669 3646 ἢ
694 3562 803 3647 θύραζ’
828 3567 992 3644 ἑκάστοτε,
1018 3567 1075 3631 ubi
1098 3555 1292 3650 Bleydee'iue
1313 3588 1374 3652 pro
1398 3569 1445 3633 ὅτ’

169 3677 266 3742 malle
301 3697 334 3742 ee
374 3678 422 3740 ait
456 3673 558 3742 ὁπότ’.
591 3675 666 3740 Νοιι
705 3675 812 3740 credo:
847 3683 936 3753 narn,
970 3676 998 3740 si
1026 3673 1107 3757 quid
1128 3695 1203 3740 raro
1229 3675 1358 3754 dicitur,
1382 3695 1448 3739 non

171 3787 314 3867 sequitur
336 3790 372 3848 ut
395 3785 525 3848 omnino
551 3783 616 3848 dici
638 3763 704 3848 non
725 3783 837 3867 possit.

214 3894 263 3958 Pl.
291 3895 375 3958 1019
403 3894 473 3970 Γρ.·
500 3893 735 3973 τὰς-χεῖρας
758 3892 923 3970 παγκάλας
947 3891 1029 3972 ἔχειν
1052 3888 1084 3972 μ’
1108 3892 1183 3972 ἔφη.
1219 3893 1323 3972 Xer:
1348 3891 1447 3960 ὁπότε

171 4002 367 4088 προτείνοιέν
390 4021 426 4078 γε
450 4002 592 4080 δραχμάς
616 4001 749 4066 εἴκοσιν.

562 4186 789 4254 Aoristus
828 4156 1075 4274 optativi.¹

215 4357 254 4424 In
277 4359 409 4442 epodosi
433 4362 481 4422 est
504 4361 653 4424 omnibus
676 4360 757 4423 loeis
779 4359 1014 4443 imperfectum,
1040 4360 1093 4423 cui
1118 4359 1137 4422 θ
1161 4357 1242 4423 locis
1271 4360 1347 4446 (Av.
1373 4361 1447 4426 505.
1481 4327 1507 4385 ⁹

173 4469 221 4534 Pl.
250 4468 347 4552 1139)
372 4466 487 4531 addita
509 4472 557 4530 est
580 4467 619 4532 άν
642 4467 816 4549 particule.

215 4578 256 4642 A.
282 4579 346 4641 637
373 4575 454 4658 (an.)
479 4577 589 4653 ἐπειδὴ
613 4577 709 4640 τοῦτό
733 4596 779 4653 τις
803 4576 896 4655 εἴποι,
921 4577 1253 4656 εὐθὺς-ἐκάθησθε.

1311 4702 1344 4754 10
