3466 5406
766 483 770 494 ,
842 419 1018 478 -rs-

288 590 404 672 agitur,
429 590 486 648 aut
509 583 748 661 κεί-ξυλλάβοι
769 581 952 664 legendum,
989 585 1045 642 aut
1080 580 1138 644 κᾶν
1161 581 1311 662 ξυλλάβῃ,
1349 577 1436 658 quod
1464 575 1569 638 multo

286 698 391 759 minus
409 691 580 775 probabile
606 695 662 766 cst,
687 690 767 771 quia
790 694 822 752 et
846 689 1040 752 constructio
1065 689 1147 750 haec
1171 688 1285 763 rarior,
1315 691 1347 749 ct
1363 685 1565 750 concinnitas

286 804 452 879 orationis,
475 807 512 864 ut
535 803 601 864 iam
626 798 665 863 C.
690 800 895 863 Hermannus
918 799 1002 861 vidit
1038 797 1140 882 (Opp.
1164 819 1196 863 v.
1222 805 1252 876 4,
1288 818 1320 880 p.
1348 799 1436 880 101),
1461 797 1567 879 magis

285 911 400 974 suadet
423 911 478 986 κεί,
504 929 569 990 qua
591 927 673 971 voce
698 907 782 971 duae
804 906 1036 989 praecedentes
1060 907 1238 969 sententiae
1261 907 1431 988 incipiunt.

331 1019 459 1081 Tertius
482 1016 573 1079 locus
597 1020 645 1078 est
667 1015 702 1077 L.
729 1016 900 1077 oso-581
929 1013 1009 1098 (an.)
1036 1012 1146 1097 (ἐχρῆν
1162 1015 1277 1080 ξαίνειν
1301 1013 1345 1091 εἰς
1371 1011 1568 1078 καλαθίσκον

287 1128 396 1202 κοινὴν
421 1124 549 1188 εὔνοιαν
573 1122 728 1205 ἅπαντας)
752 1122 1001 1200 καταμιγνύντας
1024 1121 1101 1198 τούς
1116 1142 1150 1185 τε
1167 1122 1332 1198 μετοίκους
1349 1119 1397 1184 κεῖ
1413 1139 1459 1197 τις
1475 1119 1568 1194 ξένος

286 1235 305 1314 ri
331 1233 426 1311 φίλος
450 1232 523 1307 ὑμῖν
548 1229 596 1294 κεί
618 1250 665 1306 τις
688 1226 801 1312 ὀφείλῃ
822 1235 871 1312 ’τῷ
896 1229 1040 1312 δημοσίῳ
1065 1231 1116 1292 καὶ
1132 1227 1268 1304 τούτους
1284 1227 1493 1305 ἐγκαταμῖξαι,
1509 1225 1568 1289 ubi

286 1339 509 1402 coniunctivcs
532 1336 722 1399 Meinckeus
745 1336 854 1398 intulit
875 1337 910 1398 in
934 1336 1100 1417 exemplar
1120 1356 1213 1398 suum
1236 1334 1379 1416 Bergkio
1396 1335 1568 1398 obsecutus

285 1466 345 1529 pro
370 1447 388 1523 ἤ
414 1449 446 1508 et
469 1444 590 1522 ὀφείλει
614 1443 773 1520 codicum,
799 1462 872 1505 cum
895 1444 929 1505 in
952 1444 1061 1506 verbis
1085 1445 1177 1520 ξένος
1200 1443 1218 1519 ἢ
1243 1444 1349 1522 φίλος,
1366 1440 1567 1515 utividetur,

285 1553 451 1616 haesisset.
474 1551 630 1614 Attamen
655 1570 720 1613 non
743 1550 851 1628 video,
888 1570 945 1613 cm·
974 1551 1109 1632 vulgata
1142 1551 1239 1614 lectio
1275 1548 1482 1612 sollicitanda
1515 1549 1567 1610 sit:

286 1678 361 1721 nam
385 1660 478 1736 ξένος
502 1659 543 1722 ab
567 1658 640 1738 ipsa
663 1659 904 1720 consociatione
928 1677 1001 1720 cum
1025 1660 1120 1737 φίλος
1143 1657 1415 1740 significationem
1438 1659 1568 1717 mutua·

285 1771 337 1828 tur
360 1765 497 1846 hospitis
519 1764 682 1842 benevoli,
706 1769 743 1826 ut
764 1766 847 1828 nihil
868 1766 935 1828 fere
961 1763 1088 1828 differat
1123 1767 1271 1844 αφίλοςε
1300 1765 1462 1845 „hospites
1486 1764 1569 1826 arni·

286 1873 391 1949 cive“;
415 1873 527 1951 itaque
550 1871 614 1932 tria
636 1890 756 1954 genera
779 1873 947 1935 hominum
959 1873 1013 1934 hic
1026 1877 1254 1934 memorantur:
1268 1871 1419 1947 motoeci‚
1443 1870 1569 1933 externi

286 1980 394 2055 amici,
420 1977 583 2043 debitores
605 1978 740 2059 publici.
765 1977 830 2042 Sed
851 1984 1015 2059 utcunque
1038 1999 1089 2042 res
1113 1998 1147 2042 sc
1170 1981 1280 2056 habet,
1304 1979 1393 2041 nefas
1406 1996 1475 2040 esse
1487 1981 1567 2058 puto

285 2086 475 2148 inusitatam
500 2087 772 2148 constructionem
795 2087 982 2149 coniectura
1005 2088 1132 2151 inferre.
1169 2085 1320 2151 Ceterum
1357 2085 1471 2164 „verbi
1494 2085 1569 2148 sub·

285 2193 419 2255 stantivi
443 2191 586 2255 defectus
607 2192 758 2274 plurimis
783 2194 940 2275 exemplis
963 2196 1041 2257 satis
1058 2194 1249 2271 defenditur,
1267 2214 1284 2256 e
1301 2194 1431 2274 quibus,¹
1446 2192 1569 2254 citanti

286 2305 343 2375 est,
368 2298 475 2380 allego
499 2297 539 2359 V.
565 2299 624 2362 891
654 2299 750 2376 εἴτις
774 2298 912 2376 θύρασιν
934 2299 1098 2379 ἡλιαστής,
1124 2301 1250 2366 εἰσίτω“
1278 2299 1382 2382 (Petri
1404 2319 1436 2382 p.
1463 2299 1506 2382 2).

332 2403 455 2488 Quarto
478 2406 553 2469 loco
577 2406 629 2468 Fr.
656 2407 717 2468 201
744 2407 834 2485 εἰμὴ
860 2409 1018 2490 μεταλάβῃ
1040 2408 1292 2487 τούττίπεμπτον,
1328 2407 1450 2472 κλαέτω
1484 2405 1568 2469 nihil

286 2514 425 2577 efficitur
447 2515 491 2576 ¹ob
515 2513 690 2595 idipsum,
716 2516 794 2597 quia
817 2514 1032 2597 fragmentum
1056 2521 1112 2578 est.
1139 2512 1234 2597 Quod
1257 2535 1335 2578 vero
1360 2514 1506 2577 Kockius
1526 2513 1568 2577 ad

284 2625 370 2686 hunc
394 2623 503 2686 locum
528 2623 621 2686 affert
644 2620 768 2687 Cratini
790 2624 828 2686 fr.
854 2625 906 2686 28.
933 2627 984 2700 29,
1010 2643 1048 2687 eo
1073 2643 1211 2706 peccare
1245 2624 1327 2686 mihi
1362 2621 1493 2684 videtur
1516 2623 1568 2683 vir

287 2724 501 2806 doctissimus,
526 2730 615 2810 quod
637 2749 688 2794 res
709 2750 775 2793 non
799 2732 1034 2814 comparandas
1059 2738 1238 2814 comparat:
1263 2729 1389 2796 Cratini
1413 2731 1499 2792 enim
1517 2729 1566 2793 lo·

286 2856 342 2899 cus
366 2843 415 2898 est
436 2837 568 2916 lyricus,
593 2856 657 2920 quo
682 2857 722 2900 ea
744 2843 904 2902 structura
927 2842 1005 2902 satis
1030 2845 1210 2903 excusatur.

329 2944 509 3007 Praeterea
532 2945 558 3010 εἰ
581 2964 655 3006 cum
679 2947 886 3009 coniunctivo
910 2948 987 3010 libri
1009 2949 1168 3030 praebent
1190 2949 1224 3009 in
1246 2948 1285 3009 Ε.
1311 2949 1374 3010 805
1399 2964 1446 3027 sq.
1480 2946 1507 3010 εί
1530 2948 1566 3010 δέ

284 3051 356 3116 ποτ’
381 3051 426 3128 εἰς
452 3052 553 3129 ἀγρὸν
583 3051 679 3130 οὗτος
704 3051 790 3135 (zo
813 3053 928 3137 δῆμος)
954 3055 1102 3120 ἀπελθὼν
1134 3055 1295 3134 εἰρηναῖος
1330 3055 1477 3137 διατρίψῃ
1515 3056 1567 3118 καὶ

284 3162 378 3238 χῖδρα
402 3160 518 3236 φαγὼν
542 3158 752 3242 ἀναθαρρήσῃ
788 3163 839 3224 καὶ
874 3161 1047 3247 στεμφύλῳ
1083 3161 1127 3240 εἰς
1162 3163 1261 3237 λόγον
1285 3161 1372 3245 ἔλθῃ,
1396 3163 1565 3237 γνώσεται,

285 3265 365 3328 οίυιν
390 3264 521 3339 ἀγαθῶν
545 3263 646 3328 αὐτὸν
669 3270 704 3346 u]
728 3271 915 3350 μισθοφορᾷ
937 3270 1152 3364 παρεκόπτου.
1177 3259 1316 3333 Ιιοίοτε
1341 3268 1480 3346 codices,
1503 3267 1565 3330 nisi

286 3373 373 3454 quod
397 3373 543 3435 nonnulli
567 3374 732 3456 διατρίψει,
757 3379 926 3457 διατρίψοι,
953 3379 1180 3458 ἀναθαρρήσει,
1209 3379 1441 3459 ἀναθαρρήσοι,
1467 3379 1565 3443 ἔλθοι.

286 3479 444 3544 Codicum
466 3480 640 3544 lectionem
664 3487 752 3544 tenet
774 3482 935 3566 Bergkius
971 3491 1003 3548 et
1036 3486 1193 3564 Koclrius3
1221 3486 1410 3550 Mainakeus
1434 3491 1466 3549 et
1489 3484 1566 3548 Vel·

285 3608 379 3650 senus
403 3587 582 3668 Hirschigii
607 3588 866 3652 emendationem
890 3599 1130 3675 assumpserunt
1151 3595 1196 3676 (in
1222 3593 1363 3657 editione
1383 3593 1564 3674 Vesparum

284 3714 316 3777 p.
346 3693 432 3774 145);
457 3693 511 3755 hic
535 3694 590 3772 „in
612 3693 731 3775 priore,
755 3697 871 3777 inquit,
896 3717 990 3760 versu
1016 3701 1168 3778 διατρίψει
1192 3721 1251 3784 pro
1276 3703 1391 3763 ultima
1414 3718 1495 3762 voce
1519 3699 1566 3761 le·

284 3808 390 3884 gatur,
414 3801 447 3862 in
470 3801 610 3863 secundo
646 3801 866 3881 ἀναθαρρήσει
901 3813 1018 3886 quarta
1048 3809 1090 3871 sit
1113 3828 1178 3871 vox
1202 3811 1287 3873 etin
1313 3808 1427 3872 eodem
1463 3807 1565 3870 ἐλθὼν

284 3910 400 3972 ultima
423 3908 474 3969 sit.
509 3907 601 3970 Haec
625 3909 723 3970 futuri
747 3914 942 3975 constructio
967 3934 1040 3976 cum
1065 3916 1099 3990 εί,
1125 3923 1279 3997 sequente
1297 3917 1403 3980 futuro
1428 3917 1462 3979 in
1486 3934 1565 3997 apo-

285 4016 365 4091 dosi,
390 4015 568 4078 sexcenties
591 4017 738 4078 recurrit.
762 4017 845 4080 Tum
868 4021 1001 4104 iungens
1025 4022 1068 4100 εἰς
1092 4023 1191 4098 λόγον
1214 4025 1316 4088 ἐλθὼν
1344 4043 1418 4085 cum
1448 4025 1565 4102 φαγὼν

285 4122 496 4186 concinnitati
519 4123 615 4185 huius
638 4142 749 4187 versus
774 4127 920 4190 consules
944 4133 1042 4210 atque
1064 4132 1194 4193 omnino
1219 4133 1264 4193 sic
1289 4132 1468 4194 sententiae
1491 4149 1565 4193 ver·

284 4230 400 4309 bisque
425 4227 710 4310 Aristophanicum
735 4232 851 4296 reddes
866 4235 1037 4297 nitor·em“.
1062 4235 1154 4300 Hanc
1168 4237 1428 4302 emendationem
1444 4244 1479 4301 ut
1493 4257 1565 4301 rec·

285 4337 352 4394 tam
377 4353 445 4396 esse
470 4335 656 4414 concedam,
681 4358 712 4399 ν.
738 4339 801 4400 806
826 4339 996 4422 impedior,
1031 4342 1086 4422 qui
1111 4343 1156 4405 ita
1180 4346 1342 4408 scribitur:
1383 4349 1433 4411 καὶ
1471 4351 1565 4428 χίδρα

285 4443 401 4517 φαγὼν
426 4440 643 4521 ἀναθαρρήσει
668 4447 719 4509 καὶ
743 4448 915 4530 στεμφύλῳ
940 4447 984 4526 εἰς
1008 4450 1107 4526 λόγον
1131 4453 1244 4516 ἐλθών.
1267 4452 1431 4532 Equidem
1455 4457 1564 4518 existi-

283 4566 348 4623 mo,
374 4567 572 4629 quamquam
592 4569 651 4631 pro
680 4556 767 4614 certo
792 4552 955 4618 affirmare
988 4576 1053 4619 non
1089 4559 1205 4636 audeo,
1241 4559 1504 4642 Aristophanem,
1537 4567 1564 4628 si
