3468 5390
723 453 903 524 ..59-

161 625 239 680 σειν
262 617 407 696 εὐθέως,
421 618 446 682 εί
469 619 563 683 πόλιν
587 618 797 697 ἀναβλέψειεν
818 621 852 686 ἐξ
877 611 997 699 ιίιρη”ῆς;1
1022 621 1087 700 *qui
1120 622 1262 684 ‘coriatus
1289 622 1452 686 incohati-

161 729 229 785 vua
253 728 310 786 ast

213 827 249 912 b)
273 829 365 894 Haeo
389 835 436 893 aet
460 841 544 911 quae'
568 831 689 896 dicitur
711 834 860 896 attractio
872 833 962 896 modi
976 833 1154 916 (Kuebner.
1170 831 1214 911 Π,
1231 835 1249 918 ό
1266 830 1340 912 399,
1359 835 1388 912 6,
1403 834 1450 919 b).

164 935 226 999 Bis
263 943 383 1014 autom,
419 943 575 1020 utsupra
614 940 740 1003 ortandi
759 958 796 1022 p.
822 943 874 1018 ιι,
897 941 966 1018 Λα,
991 943 1187 1006 attractione
1210 943 1369 1026 neglecta,
1388 944 1451 1008 ιέύν

159 1059 244 1106 cum
265 1045 352 1106 coni.
376 1046 495 1126 potuit.

210 1151 252 1214 A.
277 1151 343 1212 476
369 1153 557 1231 ἀπολοίμην,
579 1154 613 1218 εί
636 1155 664 1217 πί
687 1154 720 1218 o'
745 1155 917 1233 clericatur.
1012 1180 1015 1195 ·

211 1259 251 1320 E.
276 1259 342 1320 694
366 1259 392 1324 εί
416 1260 456 1337 μή
482 1257 514 1324 σ’
535 1259 977 1341 *ἀπολέσοιμ’,-διαπέσοιμι.

210 1365 250 1428 Ρ.
277 1367 362 1428 1072
384 1365 485 1450 (hem)
511 1367 645 1444 ἀπόλοι’,
670 1368 696 1431 εἰ
720 1369 761 1446 μὴ
784 1369 929 1434 παύσαιο
955 1373 1101 1448 βακίέιυν.
1183 1396 1186 1410 ·

211 1472 248 1534 L.
274 1475 337 1536 235
360 1478 396 1537 et
420 1475 483 1536 236
519 1474 783 1551 εἰ-παραβαίην,
821 1473 939 1554 ὕδατος
963 1475 1094 1559 ἐμπλῇθ’
1115 1475 1134 1552 ἡ
1159 1477 1255 1555 κύλιξ,
1277 1475 1336 1540 ubi
1361 1477 1451 1540 corli-

159 1598 220 1644 ccs
244 1581 423 1662 έμπλησθῇ;
440 1582 608 1650 ,correxit
626 1581 811 1662 Dawesiua.
1165 1627 1168 1636 .

209 1685 264 1748 Fr.
292 1689 354 1750 105
390 1689 419 1752 εί
441 1685 470 1764 γ’
494 1684 721 1766 ἐγκιλικίσαιμζ
755 1691 932 1768 ἐξολοίμην,
955 1691 984 1754 ai
1007 1695 1095 1757 recte
1115 1691 1261 1770 currerit
1282 1689 1445 1772 Bergkiua

158 1795 256 1858 omui
278 1814 373 1861 aeuuu
397 1801 562 1862 carentem
586 1795 736 1860 codicum
769 1796 954 1860 lectionem.

210 1899 243 1982 c)
267 1899 332 1964 Av.
355 1903 420 1964 447
443 1902 719 1982 εἰ-παραβαίην,
734 1901 780 1966 ἑνὶ
804 1907 888 1984 κριτῇ
913 1907 1013 1977 νικᾶν,
1050 1905 1107 1969 ubi
1135 1902 1259 1982 ὄμνυμι,
1284 1905 1337 1966 cui
1360 1904 1448 1968 aubi-

159 2008 251 2070 citur
271 2007 463 2086 infinitivus,
484 2028 507 2071 a
528 2008 707 2090 acholiaata
727 2009 923 2092 explanatur
955 2029 1015 2094 per
1039 2010 1179 2089 εύχομαιε
1203 2012 1324 2076 rectius
1348 2009 1449 2074 dixis-

158 2119 225 2192 set·
255 2115 323 2185 boc
357 2115 494 2178 verbum
526 2134 569 2178 eu
601 2116 763 2179 sententia
789 2115 856 2193 loci
877 2116 1035 2198 intellegi.
1060 2113 1213 2180 Ceterum
1235 2119 1300 2182 hoc
1323 2116 1366 2180 ad
1389 2136 1449 2200 po·

162 2221 317 2286 tautialea
341 2239 470 2303 quoquc
495 2221 703 2303 condiciones
725 2222 840 2286 referri
861 2227 979 2306 potest.

210 2328 244 2410 d)
269 2328 306 2390 L.
335 2330 396 2390 753
422 2329 542 2407 ταύτην
566 2328 663 2408 εἶχον,
686 2329 741 2394 ἵνα
764 2328 794 2408 μ’
820 2329 846 2397 εἰ
870 2331 1042 2409 καταλάβοι
1066 2329 1085 2394 ὁ
1108 2331 1206 2410 τόκος
1230 2330 1273 2396 ἔτ’
1297 2333 1332 2396 ἐν
1348 2332 1450 2416 πόλει,

168 2435 282 2514 τέκοιμ’
309 2435 353 2513 εἰς
376 2437 434 2514 τὴν
458 2439 557 2512 κυνῆν
581 2435 728 2513 εἰσβᾶσα.

213 2542 251 2605 a
272 2545 338 2618 110
362 2542 471 2620 ύινκερ
496 2541 846 2619 ἕνεκαψ-ἦλθονΓ-ἵνα
869 2564 921 2622 μοι
943 2545 1020 2624 τοὺς
1043 2545 1156 2622 ξένους
1172 2545 1250 2624 τοὺς
1265 2547 1349 2624 σοὺς
1365 2547 1448 2626 φρά-

168 2666 265 2728 σειας.
297 2650 325 2713 εἰ
348 2651 488 2728 δεοίμην.

209 2757 241 2840 a)
266 2757 306 2818 E.
346 2757 410 2818 694
444 2758 469 2821 εἰ
505 2757 545 2835 μή
581 2756 613 2822 o'
656 2757 857 2835 ἀπολέσαιμ’,
882 2757 911 2820 εἴ
945 2779 972 2821 τι
1002 2762 1067 2822 τῶν
1092 2757 1200 2823 αὐτῶν
1225 2760 1294 2837 ἐμοὶ
1317 2763 1449 2836 ψευδῶν

165 2863 259 2942 ἐνείη,
295 2865 487 2941 διαπέσοιμι.

208 2972 235 3055 ί)
260 2968 324 3034 Αν.
352 2973 411 3035 121
438 2971 534 3050 ἱκέται
551 3002 590 3016 -
610 2974 693 3050 ηρός
717 2975 815 3036 σειν-ι
830 2973 1002 3051 ἀφίγμεθα,
1025 2973 1053 3038 εί
1078 2991 1148 3050 τινα
1170 2974 1263 3038 πόλιν
1287 2974 1449 3051 φράσειας

158 3077 239 3156 ἡμῖν
278 3081 325 3158 „ai
364 3098 461 3158 quam
485 3081 599 3142 urbem
623 3078 770 3142 iudicare
799 3080 941 3142 habeas“
972 3098 1031 3157 „ue
1053 3099 1213 3160 yuaurema
1236 3083 1309 3142 τοί.
1333 3079 1383 3142 Ac
1406 3099 1447 3142 ue

159 3188 237 3267 quia
271 3191 375 3268 putet,
410 3188 495 3248 hano
519 3203 587 3250 essa
610 3203 688 3250 uara
712 3187 882 3266 obliquam
907 3187 1120 3266 questionem,
1140 3186 1301 3263 'attendat
1327 3188 1448 3269 optati-

160 3313 242 3356 vum
281 3293 406 3370 coristi,
429 3311 493 3355 non
516 3293 616 3354 futuri
641 3293 764 3356 dictum
798 3310 877 3355 esse.
906 3292 969 3354 Hic
994 3292 1085 3354 locus
1107 3309 1147 3354 eo
1172 3306 1302 3373 quoque
1323 3311 1448 3356 memo-

160 3401 283 3464 rabilis
304 3406 362 3477 eat,
380 3401 476 3481 ‘quod
500 3401 681 3482 perlectum
702 3417 763 3482 pro
786 3401 943 3462 historico
968 3405 1115 3481 tempore
1137 3401 1287 3464 habetur.

207 3511 258 3574 Pl.
286 3513 349 3572 680
373 3515 523 3588 περιῆλθε
544 3512 620 3587 τοὺς
646 3510 862 3588 βωμούς,-εἴ
883 3530 947 3573 που
971 3507 1123 3574 πόπανον
1139 3510 1187 3587 εἴη
1197 3529 1227 3574 τι
1248 3513 1448 3587 καταλελειμ-

159 3619 273 3696 μένον,
294 3619 351 3682 ubi
374 3619 512 3680 uerbum
537 3616 716 3697 quaerendi
740 3618 910 3698 cogitatur.

207 3726 336 3788 Eodem
359 3726 563 3807 pertinct‚=ai
586 3731 675 3788 recta
698 3726 733 3786 in
758 3724 926 3787 codicibus
945 3725 1087 3806 *scriptus
1112 3731 1169 3802 eat,
1194 3725 1284 3788 locus

207 3830 249 3895 V.
274 3833 339 3894 819
364 3833 481 3897 out:
505 3835 541 3895 έν
565 3833 609 3896 ἔτι
639 3835 743 3896 ποθῶ·
769 3833 808 3895 τὰ
839 3831 867 3894 δ’
902 3831 970 3895 ἄλλ’
1003 3832 1132 3910 ἀρέσκει
1155 3852 1218 3910 μοι.
1242 3833 1323 3894 Bb:
1348 3832 1385 3893 τὸ
1408 3831 1447 3909 τί;

161 3941 269 4003 Φιλ·
295 3940 425 4020 θήρῷον
450 3939 478 4002 εἴ
501 3957 573 4014 πιυς
596 3939 779 4015 ἐκκομίσαις
802 3939 839 4000 τό
863 3940 919 4000 τοῦ
946 3938 1063 4016 Λύκου,
1085 3955 1146 4019 pro
1170 3953 1234 4017 quo
1255 3935 1446 4000 Meinekcus

162 4048 197 4108 iu
221 4047 281 4109 Ar.
307 4043 452 4109 editione
475 4033 653 4107 violentius
676 4043 768 4108 οὔπω
794 4040 974 4122 ’Ξεκόμισας
998 4044 1172 4122 substituit,
1205 4062 1279 4106 cum
1300 4044 1336 4104 iu
1358 4042 1446 4122 frag·

156 4155 281 4216 mentia
316 4153 517 4215 comicorum
551 4152 712 4234 (11158)
744 4151 833 4214 idem
871 4153 900 4216 εἴ
923 4171 993 4228 πιυς
1017 4152 1203 4228 ἐκκομίσαιο
1227 4153 1283 4214 τού
1308 4150 1343 4214 Λ.
1367 4149 1446 4211 aori-

162 4262 287 4342 paiaset.
304 4260 448 4322 Maximo
468 4277 566 4340 opcre
583 4260 731 4340 suspicor
755 4277 829 4321 eum
852 4257 1022 4322 offendisse
1045 4259 1078 4319 iu
1105 4257 1244 4339 optativi
1260 4257 1366 4320 forma
1381 4275 1445 4318 uon

159 4368 243 4429 eatis
265 4368 388 4430 Attica:
412 4387 488 4430 uam
512 4373 621 4430 cetera
644 4387 756 4430 versus
779 4369 955 4429 bonusest.
982 4362 1078 4445 Quod
1090 4366 1117 4428 ai
1129 4366 1177 4427 ita
1189 4371 1236 4428 eat
1245 4383 1353 4446 neque
1362 4365 1444 4427 hacc

161 4473 268 4536 iorm'a
291 4474 379 4556 apud
402 4473 458 4537 Ar.
482 4474 560 4536 ferri
575 4479 695 4555 puteal,
711 4479 747 4536 ut
763 4474 863 4536 etiam
878 4471 1111 4536 Rutheriordio
1134 4472 1296 4534 atticistac
1320 4471 1444 4552 optimo

162 4581 293 4644 violetur
317 4579 400 4663 (llic
422 4595 497 4644 τισιν
520 4582 641 4661 Phryu:
665 4599 697 4663 p.
724 4580 818 4662 441),
839 4578 940 4642 uelim
962 4577 1068 4642 lenior
1091 4578 1286 4642 adhibeatur
1308 4575 1445 4640 madici-
