3468 5390
843 463 1022 525 ..96-

289 624 537 704 τι-χοιρίδιον
561 623 961 702 οἶσθα-κατεδηδοκώς.
988 623 1051 687 695
1078 622 1166 705 (lyr.)
1190 624 1405 703 χάρισαι-εἴ
1426 627 1567 704 τι-βδε-

290 731 400 796 λύττει.
419 734 491 794 744
515 731 545 796 εί
568 731 671 809 τίς-
684 745 738 795 σοι
759 733 1054 812 φθονεῑ,-ττάσχοι
1076 735 1217 796 τοιαῦτα.
1242 733 1306 796 447
1328 730 1357 796 εί
1390 748 1492 810 τις-
1507 725 1566 797 ἐπι-

290 840 382 907 θυμεῖ
404 837 676 916 paxae-{rear
700 837 820 915 κριθάς.
846 837 909 900 506
935 837 1023 916 εἴπερ
1047 837 1228 915 ἐπιθυμεῖτε
1250 833 1340 916 τήνδ’
1352 837 1567 913 ἐξελκύσαι,-

290 945 535 1023 ὑποχωρήσατε.
561 947 626 1007 604
651 941 719 1027 (δι’.)
742 945 1011 1021 τάμά-ξυνίετε
1037 941 1159 1028 ῥήματ’,
1182 943 1207 1008 εἰ
1243 943 1394 1022 βούλεσθ’
1415 943 1565 1008 ἀκούσαι.

290 1052 353 1113 736
379 1049 460 1132 (αα.)
485 1049 511 1113 εἰ
530 1049 663 1127 -εἰκός
685 1043 754 1114 τινα
777 1048 1049 1127 τιμῆσαι-ἄξιος
1085 1048 1165 1114 εἷναί
1199 1047 1280 1129 φησ
1314 1048 1473 1127 εὐλογίας.-
1505 1049 1567 1111 649

289 1156 349 1220 οὐκ
373 1156 413 1221 ᾶν
427 1192 466 1205 -
482 1157 573 1233 δοίην
596 1160 662 1220 τῶν
686 1160 771 1220 θεῶν
793 1158 980 1235 τριώβολον,
1007 1157 1033 1220 εἰ
1056 1159 1330 1236 πορνοβοσκοθσι.
1362 1157 1446 1220 1103
1473 1153 1569 1240 (δατ.)

289 1263 316 1327 εἰ
335 1266 437 1326 ταῦτα
460 1263 733 1346 δοκεῖ,-ἐμαυιῷ
759 1263 958 1340 βαλανεύσω.
1007 1349 1010 1356 ,
1040 1289 1043 1298 ¹
1079 1263 1098 1270 ''

335 1370 398 1432 Av.
424 1373 465 1433 56
490 1371 574 1435 πάνυ
599 1369 627 1446 γ’
650 1370 708 1452 (se.
734 1368 831 1445 κάψω
855 1369 955 1453 λίθῳ),
981 1370 1007 1433 εἰ
1042 1372 1139 1464 δοκεῖ.
1177 1371 1240 1433 376
1275 1369 1341 1460 (ir.)
1379 1367 1468 1453 (παρ’
1499 1371 1568 1447 ὑμῖν

288 1476 410 1556 lorea)
436 1477 462 1540 εἰ
486 1476 559 1554 παρ’
582 1479 656 1555 ὑμῖν
680 1474 739 1554 εἴμ’
776 1477 850 1552 ἐγώ.
888 1479 949 1540 531
988 1475 1068 1559 (οτι.)
1104 1473 1321 1554 ούδ’,-εἴπερ
1356 1479 1456 1541 ταῦτα
1484 1481 1570 1541 δοκεῖ

288 1589 379 1662 δρᾶν,
404 1584 622 1663 ὀπτησάμενοι
645 1579 814 1662 παρέθενθ’
839 1582 933 1664 ἡμᾶς,
959 1582 1027 1648 ἀλλ’
1053 1585 1224 1648 ἐπικνῶσιν
1237 1579 1345 1672 τυρόν.
1364 1585 1425 1647 665
1445 1583 1471 1647 εί
1484 1587 1569 1676 δοκεῖ

288 1697 395 1774 σφῷν,
421 1695 520 1754 ταῦτα
543 1693 602 1770 χρὴ
628 1693 717 1768 δρᾶν.
744 1693 807 1754 753
834 1690 902 1774 (ir.)
928 1690 954 1754 εἰ
978 1688 1041 1768 μετ’
1067 1689 1206 1768 ὀρνίθων
1230 1711 1276 1768 τις
1300 1691 1389 1769 ύμᾶιν
1404 1725 1443 1736 -
1460 1691 1568 1769 βούλε-

287 1819 336 1863 ται
359 1779 639 1875 διαπλέκειν,---ᾶιςΙ
663 1798 745 1875 ἡμᾶς
768 1798 837 1862 ίτω.
863 1799 927 1862 757
950 1797 1017 1882 (ir.)
1043 1798 1125 1862 εἰ-
1141 1796 1246 1863 ἐνθάδ’
1265 1799 1351 1863 ἐστὶν
1366 1799 1501 1878 αἰσχρὸν
1513 1797 1568 1862 τὸν

287 1907 409 1983 πατέρα
430 1903 699 1979 τύπτειν,-τοθτ’
724 1906 790 1970 ἐκεῖ
822 1905 923 1970 καλόν
944 1907 1088 1971 -έστιν,
1126 1907 1190 1970 760
1227 1906 1295 1988 (tr.)
1336 1901 1569 1985 εῑ-τυγχάνει

286 2013 559 2090 πς-δραπέτης
583 2011 778 2090 ἐστιγμένος,
803 2013 941 2090 ἀτταγᾶς
965 2013 1160 2090 κεκλήσεται.
1191 2013 1254 2074 762
1273 2011 1340 2096 (ir.)
1359 2013 1384 2076 εἰ
1399 2013 1576 2091 -τυγχά-“

286 2139 333 2184 νει
357 2121 403 2184 ὢν
427 2119 781 2197 Φρύξ,-φρυγίλος-
797 2119 895 2185 ἔσται.
935 2123 998 2182 764
1031 2119 1098 2204 (tr.)
1135 2119 1348 2197 εί-δοῦλύς
1381 2119 1567 2200 ἔστη-φυ-

288 2227 378 2290 σάτω
401 2227 563 2302 πάππους.
590 2227 653 2288 766
679 2225 747 2308 (tr.)
773 2226 798 2289 εἰ
812 2227 1170 2304 -προδοῦναι-τᾶς
1194 2227 1297 2304 πύλας
1320 2226 1477 2306 βούλεται,
1494 2230 1578 2314 πέρ-ἱ

287 2337 333 2398 διξ
356 2332 512 2407 γενέσθω.
539 2334 602 2396 790
628 2332 696 2416 (ir.)
721 2333 961 2412 εί-τυγχάνει
994 2337 1154 2412 χεζητιῶν,
1192 2332 1251 2396 οὐκ
1286 2331 1326 2394 ἀν
1361 2333 1496 2397 ἐξίδισεν
1525 2330 1568 2409 εἰς

286 2437 458 2517 θοίμάτιον.
484 2439 547 2503 793
574 2439 641 2522 (tr.)
667 2439 920 2519 εί-μοιχεύων
944 2440 1144 2517 τίς-ἐστιν
1168 2435 1260 2517 ὅστις
1300 2440 1455 2518 τυγχάνει,
1498 2439 1574 2522 κᾷθ’

286 2545 350 2628 ὁρᾷ
371 2547 428 2610 τὸν
452 2546 553 2624 ἀνδρα
576 2551 634 2624 τῆς
656 2549 806 2624 γυναικὸς
831 2548 866 2611 έν
891 2552 1094 2629 βουλευτικῷ,
1133 2545 1229 2624 οὗτος
1265 2545 1305 2609 ἀν
1340 2547 1498 2612 ἀνέπτετο
1520 2546 1567 2627 (ll.

286 2653 468 2736 ἀνέπτατο),
494 2652 719 2730 εἷτα-αὖθις
744 2655 901 2719 καθέζετο.
932 2654 1015 2718 1664
1041 2652 1108 2737 (ir.)
1134 2652 1230 2729 εἴτις
1255 2649 1569 2734 ὄρνιθαςτρέφει,-’-

286 2761 452 2838 φράζομεν
476 2761 624 2837 μεθιέναι.
1501 2785 1504 2792 ⁴
1574 2775 1577 2788 ’

332 2869 416 2930 1359
442 2868 608 2932 ἀπέλαυσά
631 2866 712 2945 τάρα
736 2868 775 2946 νὴ
798 2865 852 2932 Δί’
875 2869 978 2933 ἐλθὼν
1002 2870 1119 2950 ἐνθαδί,
1155 2869 1243 2948 εἴπερ
1277 2873 1314 2944 γέ
1350 2889 1400 2946 μοι
1437 2870 1570 2932 καὶτὸν

284 2975 406 3050 πατέρα
431 2976 618 3053 βοσκητέον,
643 2975 701 3038 ubi
725 2975 855 3038 codices
879 2981 992 3038 contra
1013 2982 1153 3039 metrum
1170 2978 1325 3040 exhihent
1339 2979 1399 3053 γάρ
1417 2975 1467 3039 ἀν.
1483 2971 1567 3038 Mul-

286 3082 325 3143 tis
348 3080 453 3144 modis
476 3083 541 3143 viri
565 3081 651 3144 docti
684 3083 794 3144 laeum
827 3103 942 3146 sanare
977 3084 1086 3146 eonati
1121 3088 1204 3146 sunt:
1241 3083 1391 3166 plerique
1425 3085 1568 3148 scribunt

284 3187 353 3265 τᾶρ’
376 3174 427 3264 ἀν,
452 3187 628 3268 Blaydesie
652 3207 731 3250 vera
755 3189 916 3270 scriptura
939 3189 1070 3252 videtur
1093 3189 1319 3268 ἀπολούσομαι
1342 3191 1402 3267 γάρ
1439 3189 1567 3272 (quam-

285 3313 384 3374 quam
406 3296 476 3376 ipse
499 3296 533 3356 in
558 3299 743 3358 contextum
767 3297 891 3377 recepit
917 3295 1178 3374 ἀπολαύσομάρα
1203 3302 1243 3369 et,
1280 3302 1316 3359 ui
1353 3295 1444 3371 solet,
1487 3297 1567 3360 alias

285 3403 428 3483 quinque
456 3421 568 3481 „veras
592 3404 787 3484 scriptur-asu
816 3401 948 3484 attulit).
974 3401 1184 3484 Blaydeeiurn
1207 3403 1256 3474 ita
1278 3401 1397 3464 refellit
1414 3401 1567 3466 Herwer·

285 3509 385 3572 denus
407 3510 563 3590 (Hermae
587 3530 619 3572 v,
646 3511 697 3587 24,
721 3530 753 3590 p.
779 3512 868 3572 6201:
898 3509 1055 3587 „Fallitur
1073 3509 1182 3573 dicens
1204 3510 1270 3572 loci
1283 3511 1444 3572 rationem
1455 3516 1567 3591 pestu-

283 3618 352 3679 lare
375 3617 527 3693 filiarum,
553 3616 641 3696 qued
664 3618 712 3678 ita
734 3621 858 3678 lantum
882 3636 996 3680 verum
1021 3623 1112 3692 esset,
1138 3618 1164 3678 si
1188 3615 1357 3698 parricida
1373 3613 1516 3678 nendum
1532 3617 1566 3676 in

284 3725 395 3786 avium
420 3724 587 3786 civitatem
610 3725 784 3786 venipeta
809 3723 857 3785 Ae
884 3723 923 3786 de
947 3723 1115 3806 Blaydesii
1150 3725 1340 3786 commentis
1377 3723 1485 3786 dicere
1516 3743 1566 3785 ου-

283 3831 449 3914 persede0;
475 3829 644 3910 vulgatum
669 3835 777 3892 autern
804 3830 884 3892 illud
907 3831 974 3909 τᾶρ’
998 3831 1037 3894 ἀν
1062 3849 1100 3893 eo
1126 3829 1286 3912 displicet,
1312 3829 1400 3910 quod
1424 3829 1463 3894 ἄν
1489 3829 1567 3911 quid

284 3939 347 4002 sibi
370 3938 452 4000 velit
474 3957 540 3998 non
563 3941 663 4017 patei.
687 3935 772 3997 Nam
798 3938 824 3996 ei
845 3935 1114 4000 medus-irrealis
1139 3943 1185 4000 est
1208 3937 1378 4000 ἀπέλαυσα
1414 3935 1462 4012 άν,
1479 4009 1482 4016 ,
1499 3937 1565 4011 ubi,

284 4064 415 4125 quaese,
441 4053 487 4106 est
512 4047 568 4104 aui
592 4061 676 4122 quae
700 4041 901 4123 intellegitur
927 4042 1093 4117 eondicio?
1118 4041 1209 4124 Quae
1235 4041 1325 4104 nulla
1361 4039 1427 4103 alia
1460 4045 1566 4123 potest

284 4171 353 4215 esse
379 4151 441 4212 nisi
467 4151 568 4213 verba
589 4151 691 4214 ἐλθὼν
716 4150 833 4224 ἐνθαδί,
858 4149 878 4209 i.
904 4168 931 4211 e.
960 4151 1263 4231 „operaepretium
1288 4150 1444 4226 fecissem,
1463 4149 1564 4210 sihue

283 4261 463 4321 venissem“
491 4258 623 4337 (quibus
644 4257 828 4338 opponitur:
857 4255 1020 4334 „sednon
1042 4257 1248 4336 veniaeque
1273 4275 1391 4340 operae
1426 4254 1565 4340 preliiim

282 4368 370 4448 feei),
396 4372 430 4428 at
450 4368 513 4428 λοο
535 4363 701 4446 patricida
726 4363 833 4426 dicere
857 4383 921 4426 non
943 4369 1061 4445 pateat,
1087 4365 1241 4444 quoniam
1265 4367 1329 4426 iam
1364 4365 1464 4427 venit.
1499 4349 1574 4426 Pro*

282 4474 459 4556 praeterite
484 4471 657 4552 potentiali
683 4465 870 4552 (Geodwin.
896 4467 912 4552 β
938 4469 1016 4551 243)
1046 4472 1152 4553 aeeipi
1169 4472 1260 4534 iubet
1275 4467 1445 4536 Ceenenus
1461 4492 1492 4552 p.
1513 4471 1562 4532 17:

283 4580 339 4644 sed
363 4599 421 4642 ουτ
443 4581 666 4660 praeteritam,
692 4598 763 4640 eum
790 4575 829 4639 de
853 4580 1018 4658 praesenti
1043 4575 1166 4660 agitur?
1203 4577 1272 4641 Iam
1302 4593 1500 4659 exponamus
1525 4575 1563 4637 de
