3466 5406
860 465 1018 524 -2...

289 625 447 701 πεποίηκα
470 641 491 683 a
514 641 593 685 ecus
618 622 813 700 casianum,
838 623 1012 699 ἐπεποιήκη
1037 642 1057 684 n
1085 623 1177 685 onina
1193 633 1424 701 cnsuaamunu,
1442 646 1574 703 πεποιη-

291 733 356 806 κὼς
381 728 496 805 ἔσομαι
520 748 540 792 a
564 729 642 808 byny
667 737 898 800 cnbnauumua.

337 832 474 898 Generis
499 841 531 897 et
554 835 664 916 specie
688 836 756 896 vim
779 836 915 898 verbum
939 831 1112 910 Graecum,
1136 841 1172 896 ut
1194 834 1376 912 Rossicum,
1411 839 1443 899 in
1472 839 1575 900 omni-

290 944 349 1006 bus
372 941 478 1004 modis
503 941 682 1005 conserbat:
708 943 820 1022 itaque
844 943 897 1006 ἵνα
920 944 1014 1018 ποιῶ,
1039 942 1165 1018 ποιοίην
1190 948 1237 1003 est
1261 944 1372 1005 urodsr
1396 954 1573 1021 sperans,

289 1051 342 1113 ἵνα
366 1053 507 1127 ποιήσω,
530 1050 696 1126 ποιήσαιμι
721 1050 833 1112 uronis
856 1069 875 1110 ιι
900 1057 1040 1121 cranaus
1065 1054 1126 1110 etc.

335 1156 399 1219 Sed
422 1157 486 1238 ipsi
510 1152 630 1220 Graeci
653 1155 743 1218 haud
765 1175 839 1217 raro
864 1175 924 1237 pro
940 1155 1085 1236 perfecto
1103 1162 1136 1218 et
1150 1155 1469 1238 plusquamperfecto
1488 1160 1574 1219 aori-

290 1270 374 1326 stum
397 1264 572 1345 ponebant,
596 1264 789 1344 praesertim
813 1263 847 1324 in
870 1263 1036 1325 sententiis
1061 1263 1304 1344 temporalibus,
1338 1264 1574 1327 condicionali-

288 1372 358 1448 bus,
382 1372 538 1446 relativis,
563 1371 769 1433 coniunctivo
794 1390 867 1432 cum
891 1369 930 1434 ἄν
956 1384 1011 1430 aut
1035 1371 1183 1451 optativo
1209 1370 1312 1432 elatis.

756 1741 1007 1813 CAPUT
1060 1744 1103 1814 ll.

346 1931 386 1994 lle
409 1945 464 1992 usu
489 1928 665 1995 coniunctiri
690 1931 857 2010 praesentis
880 1932 910 1996 et
934 1931 1036 1995 aoristi
1060 1931 1088 1996 in
1112 1932 1267 1996 sententiis
1289 1932 1516 2013 temporalibus,

718 2037 983 2113 condicionalibus
1010 2037 1146 2102 relativis.

332 2212 439 2294 Vulgo
465 2213 582 2276 docent
604 2217 821 2296 grammatici,
846 2218 880 2276 in
896 2216 1063 2277 sententiis
1088 2215 1331 2297 temporalibus,
1365 2211 1573 2274 condiciona-

287 2319 382 2398 libus,
406 2321 564 2399 relativis,
589 2324 796 2386 coniunctivo
822 2324 891 2386 solo
916 2323 970 2384 vel
994 2321 1108 2384 addita
1131 2322 1295 2404 particula
1319 2319 1358 2384 ἄν
1382 2319 1485 2394 elatis,
1503 2319 1573 2380 sive

288 2426 331 2488 ad
354 2428 497 2490 futurum
521 2435 648 2512 tempus
672 2437 829 2512 spectant,
853 2431 922 2493 sive
958 2429 1001 2491 ad
1036 2429 1206 2510 quodlibet
1238 2435 1365 2510 tempus
1400 2428 1574 2508 pertinent,

286 2554 439 2618 praesens
464 2538 663 2599 coniunctivi
686 2540 765 2619 poni
789 2538 902 2612 solere,
928 2539 955 2600 si
980 2539 1066 2599 actio
1091 2537 1268 2599 sententiae
1304 2533 1516 2598 secundariae
1541 2534 1576 2593 in

286 2641 374 2705 idem
398 2643 522 2705 incidat
546 2651 671 2726 tempus
696 2665 734 2707 ac
758 2646 945 2726 primariae,
971 2646 1126 2707 aoristum
1151 2652 1269 2720 autem,
1286 2645 1314 2704 si
1328 2642 1468 2722 protasis
1487 2643 1573 2702 actio

288 2751 473 2830 praecedat.
1080 2765 1081 2769 ’

335 2855 427 2937 Quae
451 2858 610 2936 doctrina,
635 2860 694 2921 etsi
719 2860 759 2922 ab
784 2859 915 2921 Ernstio
941 2860 1004 2941 (De
1028 2880 1088 2921 usu
1112 2878 1179 2920 aor.
1206 2863 1237 2919 et
1260 2876 1365 2938 praes.
1392 2859 1474 2921 coni.
1495 2855 1574 2940 etc.)

287 2965 486 3027 labefactata
511 2973 567 3042 est,
593 2973 702 3029 tamen
727 2968 881 3047 quoniam
905 2968 959 3029 hic
984 2985 1089 3047 neque
1112 2967 1182 3047 ipse
1206 2967 1284 3028 satis
1309 2965 1395 3026 clare
1431 2966 1493 3026 hoc
1519 2964 1573 3026 de-

286 3074 489 3149 monstravit,
513 3091 619 3153 neque
644 3073 717 3135 aliis
739 3075 909 3154 persuasit,
935 3094 1000 3136 non
1024 3073 1166 3134 alienum
1191 3092 1211 3133 a
1234 3091 1269 3133 re
1294 3072 1366 3145 erit,
1391 3071 1419 3132 si
1436 3070 1572 3134 eandem

289 3180 513 3257 quaestionem
537 3184 769 3256 retractavero,
795 3181 868 3242 aliis
892 3182 1136 3260 maioribusque
1161 3180 1359 3261 argumentis
1383 3178 1499 3240 allatis.

336 3282 370 3369 l)
395 3286 445 3347 Ac
466 3288 609 3368 primum
634 3287 766 3367 quidem
790 3288 925 3369 vulgata
950 3287 1099 3349 doctrina
1123 3306 1142 3348 a
1166 3286 1292 3366 reliquo
1317 3307 1376 3348 usu
1399 3292 1430 3348 et
1447 3288 1480 3346 vi
1497 3304 1575 3346 con-

286 3394 423 3454 iunctivi
458 3395 638 3474 praesentis
662 3401 694 3456 et
716 3395 828 3456 aoristi
854 3393 1024 3475 discrepat.
1065 3391 1129 3473 Qui
1165 3394 1251 3455 enim
1287 3394 1357 3455 fieri
1388 3407 1504 3475 potest,
1537 3395 1574 3451 ut

288 3500 369 3563 alibi
392 3521 545 3582 praesens
571 3507 603 3565 et
626 3504 765 3564 aoristus
790 3503 990 3565 coniunctivi
1026 3501 1230 3581 aliorumque
1257 3501 1428 3563 modorum
1463 3499 1573 3578 specie

287 3609 372 3670 inter
396 3627 429 3669 se
455 3609 615 3685 differant,
640 3631 713 3672 cum
736 3629 890 3691 praesens
914 3611 1055 3692 speciem
1080 3609 1250 3684 diutinam,
1264 3611 1401 3671 aoristus
1419 3603 1573 3668 non-diu-

198 3796 202 3804 ·
287 3716 390 3776 tinam
414 3716 584 3796 significet,
609 3701 644 3777 in⁰
666 3717 730 3778 illis
754 3717 831 3780 solis
856 3718 1030 3780 enuntiatis
1053 3716 1150 3796 longe
1175 3717 1240 3779 alio
1270 3715 1454 3778 discrimine
1479 3731 1573 3793 sepa-

288 3821 414 3884 rentur?

335 3928 370 4016 2)
394 3929 480 3992 Illud
505 3949 635 4010 quoque
658 3951 775 4012 parum
798 3939 885 3994 recte
909 3932 989 3994 mihi
1019 3930 1172 3994 videntur
1207 3933 1320 3994 t'ecisse
1355 3936 1573 4014 grammatici,

289 4036 377 4118 quod
401 4057 466 4099 non
490 4037 799 4114 animadverterunt,
824 4039 986 4101 interdurn
1010 4039 1049 4101 de
1074 4041 1301 4105 consecutione
1327 4045 1508 4122 temporum
1533 4063 1574 4104 ne

289 4145 353 4208 dici
377 4145 509 4225 quidem
532 4163 637 4226 posse.
662 4145 742 4208 Sunt
766 4148 852 4209 enim
876 4148 1043 4209 enuntiata
1067 4146 1317 4222 condicionalia,
1348 4167 1433 4228 quae
1449 4169 1573 4211 meram

288 4250 514 4313 condicionem
541 4252 727 4314 contineant
750 4272 809 4315 nec
846 4253 914 4314 ulla
950 4253 1104 4334 temporis
1139 4254 1265 4315 ratione
1302 4273 1375 4314 cum
1405 4255 1573 4318 enuntiato

288 4358 445 4438 primario
472 4376 596 4421 conexa
619 4359 691 4435 sint,
716 4364 752 4420 ut
775 4361 809 4421 in
829 4360 937 4422 locum
973 4362 1029 4423 ἐάν
1063 4361 1247 4442 particulae
1284 4357 1365 4422 ὅταν
1397 4361 1572 4426 succedere

288 4484 353 4525 non
376 4466 487 4546 possit.
513 4465 665 4548 Exempli
688 4468 794 4548 gratia
818 4469 900 4530 haec
926 4467 1069 4530 afferam:
1095 4467 1135 4529 R.
1164 4470 1248 4529 1475
1273 4468 1300 4529 τί
1324 4464 1352 4529 δ’
1369 4468 1514 4546 αἰσχρόν,
1533 4473 1573 4546 ἢν

289 4573 328 4647 μὴ
354 4576 421 4648 τοῖς
446 4575 618 4650 θεωμένοις
642 4579 732 4654 cosm
760 4575 859 4655 „quid
884 4582 988 4658 turpe,
1014 4578 1041 4639 si
1063 4577 1285 4658 spectantibus
1309 4595 1373 4637 non
1409 4579 1456 4638 ita
1482 4576 1572 4638 vide-
