3466 5406
723 453 901 514 -45-.-

168 607 356 674 mulieribus
380 612 525 692 torqueri
548 611 687 692 dicatur,
714 614 884 696 genetivos
918 617 1027 677 autem
1055 633 1097 678 ex
1120 615 1222 679 verbo
1257 617 1446 682 καταπιττώ-

169 731 287 795 σανιας
310 718 383 780 vult
404 718 557 802 pendere:
585 721 679 803 ,quis
702 725 759 798 est,
785 721 902 804 inquit,
937 722 994 802 qui
1027 722 1155 786 nesciat
1176 723 1351 788 verborum
1374 741 1448 788 cum

169 825 245 890 κατά
267 827 522 908 compositorum
544 829 688 912 plurima
710 829 898 912 genetivum
922 827 1095 894 asciscere?
1130 831 1220 894 cuius
1254 851 1330 894 usus
1363 851 1448 912 quae

166 933 248 998 ratio
271 935 313 998 sit
337 933 433 1000 docte
457 938 609 1020 exposuit
630 937 823 1018 Bernhardy
847 938 880 1000 in
902 938 1031 1018 syntaxi
1066 958 1099 1019 p.
1136 938 1211 1002 242.
1248 943 1347 1019 atque
1378 939 1448 1021 ipse

166 1037 223 1100 Ar.
248 1059 321 1104 oum
346 1041 426 1106 alibi
448 1045 534 1107 hauc
556 1043 663 1126 legem
690 1048 820 1108 secutus
843 1047 901 1121 est,
924 1047 992 1106 tum
1014 1042 1049 1104 in
1070 1042 1159 1108 Pace
1184 1045 1243 1106 711
1264 1049 1323 1122 τῆς
1343 1044 1447 1110 Ὀπιά-

167 1165 225 1223 ρας
249 1149 430 1226 κατελάσας
455 1149 530 1216 οο11.
553 1149 643 1213 Εοολ.
671 1151 788 1212 10821.
812 1148 885 1212 Hoc
900 1149 964 1212 viri
983 1147 1161 1214 doctissimi
1175 1149 1335 1216 iudicium
1350 1150 1448 1215 valde

165 1253 273 1316 miror:
299 1255 373 1335 quis
396 1257 483 1322 enim
505 1257 619 1334 nescit,
643 1257 819 1322 verborum
843 1275 917 1319 cum
941 1256 1020 1320 κατά
1039 1256 1291 1337 compositorum
1305 1256 1448 1338 plurima

164 1363 351 1442 genetivum
368 1363 542 1429 asciscere?
563 1364 621 1428 aad
644 1384 729 1446 quae
753 1369 827 1430 eunt
848 1365 913 1428 ista
929 1360 1047 1430 verba?
1060 1363 1237 1426 maximam
1252 1367 1379 1444 partem
1397 1383 1447 1440 aa,

165 1487 248 1549 quae
271 1471 306 1534 in
329 1472 472 1554 simplici
495 1474 600 1536 forma
622 1492 688 1536 nou
710 1474 874 1536 asciscunt
908 1473 1131 1536 accusativum
1165 1489 1335 1554 personae,
1363 1489 1447 1552 quae

165 1575 252 1656 apud
274 1579 458 1659 composita
480 1580 512 1642 iu
537 1579 689 1662 genetivo
724 1579 866 1662 ponitur:
888 1597 966 1642 nam
1001 1577 1214 1656 succinimus,
1249 1579 1448 1656 καθυβρίζειν

165 1682 249 1760 τινός
271 1685 467 1767 similiaque,
492 1706 566 1750 cum
590 1685 745 1764 ἐλαύνειν,
767 1687 903 1765 ὑβρίζειν
925 1685 994 1750 τινά
1017 1684 1155 1761 dicatur,
1180 1683 1347 1748 rarissima
1364 1688 1447 1748 suut.

163 1789 310 1868 Accedit,
335 1792 424 1874 quod
447 1796 656 1858 καταπιττοῦν
691 1795 798 1874 ipsum
833 1811 906 1856 cum
943 1791 1032 1876 apud
1067 1791 1252 1870 olisatum
1276 1790 1365 1874 apud
1387 1791 1444 1856 Ar.

163 1897 233 1971 (Εο.
259 1899 339 1980 829)
362 1901 425 1964 nisi
449 1902 639 1964 accusativo
663 1921 728 1964 nou
751 1901 906 1982 iungitur.
943 1897 1036 1982 Quae
1070 1919 1143 1964 oum
1171 1901 1220 1964 ita
1240 1901 1313 1977 siut,
1337 1905 1446 1964 nostro

164 2024 294 2086 quoque
318 2006 391 2070 loco
416 2008 638 2070 accusativum
662 2009 796 2070 retineri
818 2025 949 2072 necessa
973 2013 1031 2086 est;
1056 2027 1129 2070 cum
1152 2013 1262 2072 autem
1297 2008 1331 2070 in
1358 2006 1447 2072 codi-

162 2113 253 2178 cibus
275 2117 389 2181 ζῶσαν
414 2115 569 2178 traditum
593 2117 644 2192 sit,
668 2117 748 2178 item
764 2135 895 2180 neccsse
911 2121 959 2178 est
974 2117 1174 2198 pronominis
1191 2135 1320 2197 quoque
1337 2135 1446 2180 casum

166 2222 238 2284 huic
263 2221 518 2286 accommodari.
555 2219 651 2304 Quod
683 2229 792 2286 autem
816 2224 952 2299 iuvenis,
988 2224 1047 2286 etsi
1082 2242 1104 2285 a
1136 2222 1263 2287 duabus
1297 2224 1447 2299 trahitur,

165 2348 258 2392 unam
285 2333 404 2408 tamen,
426 2349 524 2411 quam
548 2332 684 2394 fortasse
718 2330 819 2414 digito
843 2325 1010 2412 monstrat,
1033 2331 1066 2396 in
1091 2329 1214 2394 tumulo
1237 2349 1296 2394 suo
1319 2329 1446 2412 ampul-

169 2432 214 2498 lae
235 2436 311 2500 loco
336 2436 491 2500 collocari
515 2439 616 2516 iubet,
639 2457 705 2502 non
728 2437 826 2502 video
851 2437 1014 2518 equidem,
1049 2455 1151 2518 quare
1179 2455 1375 2520 quemquem
1400 2437 1446 2500 of-

169 2540 292 2608 fendere
315 2545 426 2627 possit.
450 2545 541 2608 Idem
566 2545 783 2611 Schneidems
805 2547 909 2610 verba
931 2545 1058 2610 ἄνωθεν
1082 2546 1235 2636 ἐπιπολῆς
1263 2547 1321 2610 τοῦ
1344 2545 1446 2624 σήμα-

169 2669 217 2726 τος
239 2669 306 2714 non
328 2656 417 2714 recte
440 2671 475 2716 se
498 2653 621 2718 habere
646 2657 764 2730 censet,
799 2654 941 2736 primum
975 2652 1065 2733 quod
1102 2650 1163 2730 ,de
1198 2653 1261 2715 hoc
1297 2670 1328 2714 v.
1363 2654 1444 2715 1111

161 2757 318 2838 expressis
340 2758 450 2822 verbis
472 2765 645 2822 moneatur
667 2758 780 2822 addito
804 2759 903 2822 ctiam
925 2749 1027 2822 v'erho
1051 2758 1165 2822 finito“
1187 2755 1229 2841 (i)
1245 2775 1306 2832 nec
1321 2758 1442 2840 proba·

159 2863 224 2926 bile
246 2864 299 2940 sit,
327 2864 600 2948 ,Aristophanem
633 2867 699 2929 iam
733 2867 788 2929 hic
821 2865 1012 2930 sententiam
1047 2863 1139 2926 illam
1173 2863 1345 2927 incohasse
1366 2863 1439 2930 loco

158 2989 273 3052 pamm
296 2971 354 3035 illo
379 2973 510 3054 quidem
534 2978 646 3056 apto“;
672 2973 789 3038 deinde
813 2972 902 3054 quod
938 2973 1093 3052 ἐπιπολῆς
1115 2975 1172 3038 τού
1198 2973 1341 3052 σήματος
1374 2991 1438 3036 uon

156 3081 258 3160 possit
281 3079 322 3144 de
345 3100 408 3144 uno
433 3082 543 3162 aliquo
568 3083 685 3145 summi
709 3081 825 3144 tumuli
848 3080 933 3158 loco,
958 3080 1010 3142 cui
1036 3081 1245 3163 imponantur
1271 3079 1357 3156 illae,
1391 3081 1438 3142 iu-

157 3186 278 3270 tellegi‚
302 3207 375 3250 cum
398 3208 519 3252 munem
541 3189 748 3270 superficiem
777 3188 947 3270 significet.
985 3184 1103 3252 Censet
1135 3189 1235 3270 igitur
1266 3186 1436 3271 legendum

157 3293 310 3375 ἐπιπολῆς
348 3298 405 3360 τού
449 3297 675 3375 σώματος,
720 3294 808 3378 quod
846 3295 889 3358 ad
927 3295 1228 3374 καταππτώσανπας
1269 3295 1436 3360 reseratur.

158 3396 250 3481 Quae
271 3404 431 3466 sententia
454 3415 554 3484 quam
576 3404 686 3468 ieiuna
712 3403 765 3479 sit,
789 3403 897 3484 quivis
920 3401 1022 3478 vidct;
1058 3400 1116 3465 sed
1150 3401 1240 3465 atiud
1261 3421 1313 3466 me
1338 3403 1437 3467 offen-

157 3505 214 3571 dit:
255 3508 335 3589 quid
370 3515 418 3574 est
452 3510 541 3591 quod
576 3512 730 3589 ἐπιπολῆς
763 3511 824 3574 nisi
857 3529 977 3572 οππιοπι
1011 3509 1218 3591 superficiem
1252 3510 1437 3592 significare

154 3633 219 3678 nou
241 3635 336 3697 posse
358 3616 466 3700 putet?
494 3617 598 3682 immo
634 3618 717 3682 nihil
753 3617 842 3682 aliud
877 3623 926 3681 est
960 3615 1071 3698 quam'
1095 3617 1213 3694 ἐπάνω,
1250 3623 1286 3680 ut
1318 3618 1438 3683 Moeris

153 3722 492 3806 interpretaturum
525 3727 559 3788 in
595 3725 646 3789 Pl.
678 3727 761 3788 1207
786 3725 1028 3804 ταύτης-πῆς
1051 3725 1154 3803 γραὸς
1177 3725 1332 3804 ἐπιπολῆς
1354 3727 1437 3792 ἐπει-

153 3845 205 3895 σιν
228 3832 260 3896 αἱ
283 3832 392 3913 χύτραι
415 3835 487 3914 quis
527 3839 574 3896 est
613 3835 671 3915 qui
708 3835 761 3912 ,iu
789 3834 877 3896 omni
900 3832 1073 3916 superficie
1109 3835 1206 3896 anus“
1234 3831 1316 3896 ollas
1339 3833 1436 3898 fuisse

153 3941 255 4017 putet,
279 3957 352 4000 cum
377 3940 410 4002 in
435 3939 543 4020 capite
580 3939 626 4022 (v.
664 3939 764 4023 1198)
800 3937 974 4004 serrantur?
1010 3935 1058 4003 Of.
1093 3938 1215 4002 Herod.
1254 3941 1284 4015 2,
1321 3940 1362 4002 62
1397 3945 1436 4008 τά

153 4045 189 4106 δέ
213 4043 313 4126 λύχνα
337 4048 403 4112 ἐστὶ
427 4039 567 4126 ἐμβάφια
590 4047 710 4125 ἔμπλεα
734 4048 813 4126 ἁλὸς
840 4050 892 4112 καὶ
922 4047 1043 4125 ἐλαίου,
1075 4047 1228 4124 ἐπιπολῆς
1257 4049 1293 4111 δέ
1327 4047 1435 4114 ἔπεστι

152 4149 233 4217 ούτό
255 4155 293 4218 τὸ
317 4153 491 4234 ἐλλύχνιον.
516 4154 665 4218 Alterum
691 4153 879 4220 Schneidem'
897 4159 1132 4237 argumentum,
1150 4153 1237 4234 quod
1253 4153 1311 4218 Ar.
1335 4156 1435 4236 prius,

156 4277 253 4340 quam
283 4258 405 4336 debuit,
444 4262 636 4323 sententiam
668 4262 846 4338 incohavit,
880 4261 962 4324 nihil
990 4260 1089 4338 valet
1120 4280 1195 4324 uam
1225 4260 1258 4321 in
1288 4279 1435 4324 sermone

157 4366 334 4430 cottidiano
359 4367 440 4430 talia
463 4368 545 4430 nihil
569 4368 754 4432 offensionis
777 4370 909 4434 habent.
934 4367 1044 4449 Atque
1068 4367 1125 4431 Ar.
1143 4387 1216 4430 cum
1232 4368 1334 4432 verba
1350 4366 1434 4434 άνω-

155 4480 209 4539 θεν
232 4476 280 4540 ἐπ.
305 4477 362 4538 τοῦ
386 4476 462 4552 σήμ.
488 4495 508 4536 a
531 4475 633 4539 verbo
657 4477 810 4540 ἐπιθεῖναι
840 4476 1024 4557 participiis
1048 4476 1195 4541 seiuncta
1219 4473 1367 4552 vidisset,
1386 4477 1434 4540 in-

157 4587 333 4665 terruptam
357 4583 549 4644 sententiam
575 4581 704 4646 adiecto
736 4582 804 4646 ἄνω
828 4583 862 4646 in
886 4603 917 4644 v.
945 4584 1024 4644 1111
1065 4581 1434 4662 redintegravit-Se·
