3468 5390
735 475 836 534 ...Ἦ
864 507 906 520 ..-

177 643 244 714 μοί.
268 635 372 698 Immo
396 637 584 699 verointer
605 634 698 715 impf.
723 641 755 696 et
779 635 947 709 aoristum,
972 654 1047 696 cum
1070 634 1235 722 particula
1256 636 1296 698 ἄν
1321 637 1458 699 instruo-

179 751 214 802 ta
236 747 319 818 sunt,
342 741 430 805 idem
451 740 625 806 intercedit
648 741 833 816 discrimen,
856 741 944 821 quod
975 743 1060 804 inter
1083 742 1205 804 nudum
1227 743 1319 823 impi.
1344 749 1377 805 et
1398 763 1459 806 nu-

179 847 257 910 dum
292 850 457 914 acrisium:
496 867 573 910 nam
607 848 798 929 imperfecto
833 867 907 910 cum
930 847 970 912 dv
983 848 1196 929 significatur
1220 850 1308 910 aetio
1332 849 1460 911 diutina

177 957 329 1036 repetita,
365 957 486 1020 coristo
522 973 597 1018 oum
631 955 673 1020 ἄν
711 956 798 1017 actio
836 956 1045 1018 non-diutina
1083 955 1459 1036 repetita.1nterhunc

179 1067 288 1124 autem
322 1063 478 1142 loquendi
513 1082 607 1126 usum
642 1068 674 1124 ct
696 1062 820 1124 nudum
843 1062 1071 1142 imperfectum
1091 1062 1177 1124 nihil
1198 1063 1267 1124 iere
1292 1063 1458 1136 biterssse,

179 1175 267 1232 recte
289 1169 378 1234 idem
402 1170 602 1233 demonstret
625 1169 752 1232 dnobus
773 1170 855 1232 loeis
871 1189 889 1232 e
905 1169 1138 1244 Plutoallatis,
1153 1188 1291 1248 quorum
1305 1171 1339 1231 in
1356 1169 1458 1232 altero

178 1295 210 1337 v.
237 1278 301 1364 077
324 1277 455 1358 iegitur:
492 1277 624 1340 εί-ετου
659 1277 807 1354 δεηθείην
830 1276 1066 1353 ίγιίι,--ἅιταντ’
1089 1278 1188 1340 ἐποίει
1209 1297 1274 1354 μοι,
1296 1278 1332 1338 in
1355 1277 1458 1339 altero

176 1404 210 1446 v.
249 1385 334 1445 1010
370 1384 411 1448 de
441 1401 476 1448 ra
499 1385 677 1447 simillima
702 1384 729 1448 εἰ
751 1385 956 1462 λυπουμένην
978 1385 1131 1448 αἴσθοιτο
1150 1403 1199 1459 με,
1223 1384 1395 1462 νηττάριον
1419 1383 1460 1448 ἂν

180 1493 232 1556 καί
255 1494 374 1570 uector
397 1492 613 1569 ὑπεκορίζετο.

226 1617 312 1678 Ario.
341 1621 370 1678 0.
394 1618 492 1680 Actio
516 1619 551 1679 in
574 1619 752 1699 praeterito
777 1619 927 1699 repetita,
950 1622 1081 1698 praeter
1111 1617 1305 1698 optativum,
1339 1617 1460 1697 imper-

177 1723 262 1784 fecto
288 1739 418 1802 quoque
440 1723 615 1784 indicativi
637 1728 746 1804 potest
769 1724 920 1804 exprimi.
944 1723 1033 1786 Inter
1055 1723 1114 1784 has
1138 1723 1281 1784 rationes
1304 1721 1459 1801 loquendi

179 1828 258 1909 qnid
284 1830 463 1904 interesset,
484 1847 562 1894 ,cum
586 1847 789 1909 quaererem,
812 1831 937 1892 nullum
967 1831 1061 1910 potui
1085 1830 1258 1892 discrimen
1282 1831 1460 1911 investiga-

178 1951 226 2007 re,
250 1932 307 1996 sed
329 1934 505 1998 indicativi
527 1950 605 1998 usus
625 1935 730 1996 multo
751 1936 858 1996 rerio'r
875 1941 924 1997 est
939 1933 995 2011 (ci.
1013 1931 1189 1998 Goodwin.
1206 1936 1330 2016 §467).
1351 1935 1461 2014 Atque

179 2059 278 2122 quam
310 2041 395 2103 nihil
428 2042 514 2103 inter
532 2043 596 2103 'bas
620 2043 873 2104 constructiones
895 2043 1033 2117 intersit,
1058 2058 1139 2103 nnus
1163 2026 1462 2105 clarissime-docet

181 2147 279 2222 iocus,
302 2149 361 2210 nbi
386 2148 427 2210 de
450 2149 566 2211 eadem
588 2149 656 2212 fere
679 2168 714 2210 re
738 2153 911 2228 utrumque
936 2149 1072 2229 legimus
1096 2148 1184 2210 nullo
1207 2168 1339 2230 prorsus
1350 2165 1461 2210 sensus

183 2254 380 2317 discrimine:
416 2256 466 2318 Pl.
505 2257 588 2317 1019
613 2272 662 2336 sq.
695 2257 768 2334 Γρ.·
792 2259 843 2320 καί
865 2257 922 2333 τάς
945 2276 981 2331 γε
1003 2260 1112 2334 χεῖρας
1135 2257 1301 2333 παγκάλας
1322 2257 1406 2334 ἔχειν
1430 2256 1460 2331 μ’

184 2363 253 2440 ἔφη.
279 2362 336 2440 Χρ
353 2377 389 2425 ε.·
415 2361 512 2426 ὁπότε
534 2363 735 2440 προτείνοιέν
757 2383 793 2438 γε
817 2353 960 2440 δραχμὰς
984 2363 1116 2425 εἴκοσιν.
1143 2363 1163 2423 Γ
1175 2381 1215 2437 ρ.·
1239 2359 1323 2426 ὄζειν
1345 2383 1381 2437 γε
1403 2365 1461 2438 τῆς

190 2470 284 2546 χρόας
308 2471 453 2547 ἔφασκεν
476 2469 536 2545 ἡδύ
560 2483 633 2546 μου.
658 2470 765 2546 Χρε.·
789 2469 816 2532 εἰ
839 2469 964 2533 Θάσιον
987 2469 1115 2547 ἐνέχεις.

341 2655 413 2721 Iam
438 2657 611 2720 efferamus
634 2656 734 2718 locos.

565 2817 800 2878 Praesens
840 2817 1071 2898 optativi.
1173 2813 1176 2826 '

224 2986 262 3048 Ε.
287 2987 352 3046 606
378 2985 445 3068 (tr.)
470 2986 709 3062 ἤσθιον-τοὺς
731 2985 1005 3062 παγούρους,-·εί
1028 3005 1074 3061 πς
1100 2985 1227 3062 ἐξέρποι
1251 2985 1378 3062 θύραζε.

228 3094 312 3154 1350
334 3096 387 3158 καί
409 3096 447 3170 νὴ
469 3090 521 3155 Δί’
546 3093 576 3156 εἴ
597 3113 633 3166 γε
657 3092 717 3158 δύο
742 3092 885 3165 λεγοίτην
910 3091 1036 3169 ῥήτορε,
1069 3089 1090 3154 ὁ
1113 3093 1171 3168 μὲν
1194 3095 1358 3158 ποιεῖσθαι
1381 3095 1461 3168 ναῡς

182 3201 313 3280 μακράς,
333 3199 352 3264 ὁ
375 3197 403 3264 δ’
429 3200 539 3276 ἕτερος
563 3197 602 3262 αὖ
627 3202 930 3276 καταμισθοφαρείν,
955 3199 1083 3262 τούτοιν
1107 3199 1125 3260 ὁ
1149 3200 1207 3263 τὸν
1224 3201 1340 3274 μισθὸν
1356 3200 1460 3273 λέγων

180 3309 236 3370 τὸν
258 3309 316 3383 τὰς
338 3309 476 3384 τριήρεις
499 3308 718 3384 παραδραμὼν
743 3305 782 3370 ἂν
806 3307 917 3389 ᾤχετο.
943 3305 1118 3368 Librorum
1141 3306 1240 3368 lectio
1265 3305 1362 3370 valde
1395 3312 1461 3368 tur-

181 3415 256 3478 bata
291 3419 348 3476 ests
386 3433 463 3476 nem
485 3415 521 3476 in
543 3433 575 3474 v.
603 3415 688 3474 1350
713 3433 824 3476 omnes
847 3413 1036 3475 Velseniani
1072 3414 1225 3478 exhibent
1258 3419 1371 3476 contra
1394 3433 1461 3475 me-

181 3529 264 3584 trum
287 3523 326 3597 νή
362 3521 414 3584 δία
438 3516 467 3594 γ’
492 3521 518 3586 εἰ
541 3521 610 3595 oco,
635 3521 699 3584 nisi
723 3521 810 3600 quod
847 3520 988 3582 Venetus
1012 3525 1126 3582 contra
1149 3539 1242 3582 usum
1265 3520 1461 3593 Atticorum,

180 3631 274 3694 metri
309 3636 346 3691 ut
379 3629 509 3692 videtur
543 3648 652 3703 cansa,
686 3632 726 3706 νὴ
760 3632 797 3692 δί’
821 3629 847 3691 εἰ
869 3630 946 3702 δύαι,
970 3629 1004 3690 in
1025 3649 1057 3689 v.
1085 3629 1168 3690 1352
1186 3647 1303 3690 omnes
1328 3647 1462 3690 consen-

182 3738 266 3800 tiunt
287 3738 322 3798 in
346 3738 467 3800 acrisio
492 3740 830 3814 καταμισθοφορῆσαι,
854 3734 911 3797 red
927 3736 961 3796 in
978 3736 1127 3814 sequenti
1143 3735 1303 3798 vocabulo
1321 3735 1460 3796 variant:

180 3846 302 3908 τοῡτων
325 3845 463 3924 praebet
484 3842 526 3916 R,
549 3846 666 3906 τοῦτον
689 3843 793 3918 11ΡΜ,
816 3845 913 3906 τοῦτο
938 3839 963 3904 θ’
993 3841 1080 3916 sen,
1105 3842 1193 3904 τοῦθ’
1222 3842 1262 3903 A.
1288 3842 1325 3904 in
1349 3841 1462 3902 Velso-

182 3949 214 4010 ni
239 3947 383 4012 editione
408 3949 436 4012 εί
458 3968 494 4022 γε
511 3947 648 4012 debetur
663 3949 821 4022 Porsono,
842 3949 1138 4026 καταμισθοφορεῑν
1150 3947 1275 4010 τούτοιν
1293 3947 1461 4009 Elmsleio.

182 4056 232 4118 De
255 4055 307 4118 his
331 4055 411 4134 quid
433 4057 582 4130 sentiam,
607 4056 791 4136 explicabo.
827 4055 878 4116 Ae
900 4057 1041 4136 primum
1066 4053 1197 4133 quidem
1221 4053 1310 4132 quod
1332 4054 1367 4116 in
1389 4053 1462 4134 plu-

179 4162 271 4224 rimis
282 4161 451 4227 codicibus
461 4161 629 4241 legiturve
643 4163 707 4226 Δία
721 4161 750 4237 γ’
766 4162 791 4225 εἰ
806 4167 940 4242 propter
951 4161 1090 4224 Porsoni
1106 4160 1210 4240 legem
1230 4159 1275 4240 (ν.
1293 4179 1325 4240 p.
1345 4161 1384 4221 16
1398 4160 1460 4240 sq.)

182 4275 365 4348 suspectum
380 4274 437 4330 est.
456 4268 573 4347 Itaque
595 4269 631 4341 γε’
648 4268 920 4350 transponendum
938 4273 994 4333 est.
1011 4267 1075 4332 Sed
1091 4285 1232 4348 quonam
1252 4270 1462 4347 transponen-

184 4373 443 4440 dumiPorsonus
455 4377 491 4449 γε’
505 4374 955 4462 agglutinavitsiparticulae.
970 4372 1170 4454 Obloquitur
1181 4374 1344 4454 Reisigius
1354 4371 1461 4452 (Coni.

183 4501 213 4561 ρ.
239 4483 327 4564 255),
341 4483 430 4563 quod
444 4483 505 4548 δύο
516 4483 559 4546 sit
569 4482 761 4557 acuendum,
777 4501 840 4546 non
864 4484 937 4563 ipsa
946 4480 1149 4548 condicionis
1162 4481 1334 4562 particula,
1348 4481 1462 4544 scribi·

185 4607 244 4666 que
268 4592 366 4656 iubet:
390 4593 429 4669 νὴ
453 4590 505 4654 Δί’
517 4590 544 4654 εἰ
560 4590 621 4654 δύο
633 4609 668 4665 γε
682 4591 836 4666 λεγοίτην.
849 4587 935 4652 Hinc
959 4591 1082 4670 optime
1095 4589 1211 4664 discas,
1236 4588 1462 4668 quantumbo-
