3466 5406
729 434 907 495 ..51-

326 591 396 654 Iam
420 592 597 656 afferantur
618 592 694 656 loci.

221 697 259 761 A.
285 700 348 760 372
373 700 636 777 τοὺς-τρόπους
660 700 737 776 τοὺς
758 703 824 763 τῶν
848 700 1008 778 ἀγροίκων
1032 701 1106 766 οίδα
1122 700 1456 780 χαίροντας-ἐάν-

177 827 222 884 τις
242 805 361 884 αύτούς
386 808 513 888 εὐλογῇ.
540 811 601 870 702
626 807 687 882 ἡδύ
714 806 771 889 (sc.
796 809 1021 891 πεινήν),-ἢν
1046 809 1149 887 αὐλὸς
1172 814 1268 890 παρῇ.

220 914 257 975 hl.
284 917 346 976 575
374 915 441 998 (tr.)
466 918 523 980 ἐὰν
548 919 587 996 μὴ
612 917 787 994 προεδρίαν
811 916 1035 995 φέρωσι,-ού
1061 919 1229 998 μαχεῖσθαί
1253 931 1366 997 φασιν.
1392 917 1455 980 866

179 1021 262 1102 (totr.
287 1022 402 1105 ianib.)
426 1025 482 1087 ἐὰν
496 1024 608 1087 ρ·-τόν
633 1024 794 1102 βόρβορον
819 1029 969 1099 κυκῶσιν,
999 1024 1137 1102 αἱροῦσι.
1158 1027 1220 1090 867
1242 1024 1328 1107 (latr.
1345 1025 1459 1102 iamb.)

178 1133 355 1208 λαμβάνεις,
379 1133 419 1208 ἢν
442 1132 500 1208 τὴν
523 1132 616 1194 πόλιν
639 1133 807 1214 ταράττῃς.

221 1237 260 1299 N.
286 1243 328 1301 98
352 1239 551 1314 διδάσκουσ,
577 1238 730 1315 ἀργύριον
754 1239 794 1316 ἤν
817 1261 862 1316 τις
887 1244 978 1322 διδῷ,
1001 1246 1100 1306 νικᾶν.
1125 1244 1257 1306 lau-5
1289 1242 1330 1320 ἢν
1354 1243 1456 1319 μὲν-

179 1342 342 1423 ὀφείληταί
364 1348 392 1409 τί
415 1366 476 1423 μοι,
501 1345 633 1425 μνήμων
657 1345 714 1427 (sc.
739 1346 950 1428 εἰμί)·-ἐάν
974 1349 1002 1411 δ’
1028 1349 1160 1427 ὀφείλω,
1177 1350 1373 1428 ἐπιλήσμων.
1390 1355 1456 1414 494

177 1453 204 1516 τί
225 1457 315 1536 δρᾷς,
339 1453 379 1530 ήν
401 1453 447 1529 τίς
471 1467 510 1516 σε
533 1453 644 1536 τύπτῃ;
668 1457 732 1517 579
757 1453 826 1538 (tr.)
850 1457 977 1538 ἢν-ή
1001 1477 1047 1533 τις
1071 1456 1457 1535 ἕξοδος,-τάτε-βρον-

176 1565 287 1640 πῶμεν.
323 1563 407 1624 1439
444 1559 530 1642 (toti.
566 1562 680 1642 iamb.)
717 1564 848 1627 κλάειν--
869 1564 952 1641 ἡμᾶς
987 1563 1071 1640 εἰκός
1104 1564 1182 1638 ἐστ’,
1218 1566 1259 1642 ἢν
1286 1566 1327 1641 μὴ
1352 1565 1457 1628 δίκαια

176 1671 311 1746 δρῶμεν.

221 1774 259 1836 V.
285 1777 327 1836 90
352 1775 466 1853 στένει,
490 1776 531 1852 ἢν
554 1777 594 1853 μή
632 1773 676 1839 ’πὶ
710 1779 767 1840 τοῦ
794 1779 925 1854 πρύτου
950 1778 1110 1858 καθίζηται
1145 1779 1252 1846 ξύλου.
1288 1780 1353 1842 489
1390 1777 1457 1862 (tr.)

177 1881 291 1948 ἀπανθ’
317 1882 390 1960 ὑμῖν
413 1882 562 1958 τυραννίς
584 1882 662 1960 ἐστι,
679 1883 772 1960 -ἤν
793 1905 827 1947 τε
851 1889 959 1962 μεῖζον
982 1885 1024 1964 ἦν
1046 1885 1072 1950 τ’
1094 1886 1227 1952 ἔλαττον
1260 1887 1390 1964 πρᾶγμά
1411 1906 1457 1961 τις

177 1995 347 2070 κατηγορῇ.
371 1990 436 2050 493
460 1988 530 2076 (tr.)
555 1990 595 2065 ἢν
619 1991 676 2068 μὲν
699 1990 819 2067 ὠνῆταί
841 2012 888 2070 τις
912 1992 1026 2071 ὀρφώς
1051 1993 1098 2075 (ll.
1124 1993 1239 2074 ὀρφῶς
1256 1998 1290 2056 ct
1305 1991 1458 2074 ὀρφούς),

178 2098 358 2176 μεμβράδας
381 2099 417 2159 δὲ
442 2099 483 2175 μὴ
508 2093 593 2177 ’θέλῃ
621 2097 668 2180 (ll.
692 2097 795 2180 βέλη),
819 2098 941 2177 εὐθέως
964 2098 1065 2180 εἴρηχ’
1089 2100 1257 2167 ὁπωλύιν.

218 2206 284 2265 496
310 2203 381 2286 (tr.)
404 2203 444 2279 ἣν
467 2205 503 2266 δὲ
524 2203 652 2280 γήτειον
673 2210 833 2288 προσαιτῇ
859 2227 905 2283 τις
929 2206 1049 2284 ἀφύαις
1076 2205 1255 2287 ἡδύσματα,
1278 2205 1298 2281 ἡ
1322 2206 1459 2286 λαχανό-

180 2313 438 2389 πωλίς-φησι,
461 2309 500 2372 In
522 2311 574 2372 his
596 2310 790 2376 Maiuckous
813 2315 960 2394 sequitur
981 2314 1193 2390 Brunokium,
1211 2315 1267 2394 qui
1282 2314 1381 2378 scribi
1394 2314 1458 2376 ius·

184 2419 219 2480 s't
236 2439 283 2494 τις
306 2436 368 2499 pro
391 2419 471 2493 ταῖς,
497 2421 530 2478 at
551 2416 742 2482 Dobraeum
767 2439 841 2482 curn
863 2421 1061 2497 Hermanno,
1090 2421 1146 2501 qui
1170 2419 1322 2484 codicum
1345 2419 1460 2484 lectio·

183 2545 248 2590 rom
272 2525 402 2604 ἥδυσμά
424 2545 452 2587 τι
476 2525 510 2586 in
531 2521 702 2602 ἡδύσματα
723 2531 901 2604 mutarunt,
915 2563 957 2576 ψ
970 2528 1027 2592 vix
1050 2534 1149 2604 recta,
1172 2533 1208 2590 ut
1231 2529 1312 2590 mihi
1328 2527 1459 2608 quidem

180 2637 315 2701 videtur.
340 2635 459 2698 Mirum
483 2635 570 2698 enim
594 2641 651 2713 est,
676 2655 734 2699 our
756 2637 883 2714 γήτειον
906 2637 940 2700 iu
963 2636 1122 2720 singulari
1143 2637 1286 2719 positum
1315 2636 1368 2713 sit,
1383 2633 1460 2709 ήδύ-

178 2759 282 2822 σματα
306 2745 425 2817 autcm,
442 2739 530 2820 quod
543 2740 612 2804 cius
627 2741 810 2822 praedicati
826 2743 893 2805 fore
905 2743 979 2805 vico
995 2743 1148 2825 fungitur,
1164 2744 1199 2805 in
1213 2741 1344 2825 plurali.
1373 2739 1458 2804 Nam

176 2850 265 2932 quod
288 2851 322 2913 iu
346 2850 384 2912 11.
411 2849 475 2909 678
496 2851 566 2926 ταῖς
588 2848 709 2928 ἀφύαις
732 2849 861 2914 ἐδίδουν
882 2850 1051 2929 ἡδύσματα
1074 2851 1218 2914 comicus
1239 2849 1359 2934 plurali
1384 2869 1461 2912 usus

176 2965 233 3038 cst,
259 2976 359 3021 causa
383 2961 440 3034 ost,
465 2954 553 3036 quod
576 2957 639 3019 hoc
664 2955 706 3020 ad
729 2959 769 3021 τὰ
793 2957 945 3034 κορίαννα
961 2957 1087 3022 ἅπαντα
1110 2958 1149 3022 τά
1172 2978 1205 3020 τε
1229 2958 1338 3035 γήτεια
1361 2956 1460 3020 reler-

176 3073 237 3130 tur.
275 3063 385 3145 Quare
422 3063 503 3124 mihi
537 3064 639 3144 magis
672 3065 832 3146 probatur
865 3064 1044 3148 Hirschigii
1068 3065 1228 3128 correctio
1251 3063 1380 3143 ἥδυσμά
1403 3084 1460 3141 τις.

177 3171 274 3254 Quod
302 3173 329 3238 si
354 3173 400 3233 ita
435 3175 492 3246 est,
529 3170 618 3233 cadit
652 3171 809 3236 Bruuckii
844 3194 900 3249 τις,
936 3172 1024 3253 quod
1058 3173 1114 3235 illo
1148 3173 1244 3236 metri
1278 3191 1387 3248 causa,
1419 3190 1460 3233 ne

176 3279 325 3360 dactylus
359 3283 443 3342 osset
477 3277 509 3338 in
546 3283 734 3342 tetrametro
773 3281 950 3356 trochaice,
990 3279 1212 3361 reponendum
1250 3279 1460 3342 existimavit:

175 3409 251 3451 nam
273 3407 334 3470 par
358 3406 391 3450 sc
414 3389 483 3462 ταῖς
507 3384 591 3447 nihil
614 3386 799 3448 offensionis
825 3387 935 3464 hahet,
972 3387 1061 3467 quod
1096 3387 1176 3450 talia
1210 3393 1242 3449 ot
1273 3406 1345 3449 cum
1383 3387 1462 3450 arti·

176 3496 250 3559 culo
275 3500 308 3558 ct
329 3495 398 3558 sine
435 3513 473 3555 co
508 3493 645 3574 proferri
679 3499 823 3576 possunt,
859 3499 895 3556 ut
928 3494 963 3556 in
997 3494 1092 3559 huius
1127 3494 1257 3557 fabulae
1293 3513 1348 3554 vv.
1384 3495 1460 3555 491.

175 3603 253 3662 493.
284 3599 348 3663 Sal
378 3595 536 3659 Brunokii
575 3600 734 3661 correctio
773 3599 846 3680 ipsa
881 3603 995 3660 contra
1028 3598 1257 3680 Aristophanis
1290 3599 1461 3660 metricam

175 3713 302 3790 peccat:
338 3728 413 3770 nam
450 3704 610 3767 eiusmodi
644 3705 827 3770 tribrachus
856 3705 961 3786 magis
993 3705 1090 3770 otiam
1123 3706 1165 3769 ab
1190 3724 1228 3768 eo
1258 3704 1383 3769 alienus
1414 3709 1463 3767 ost

176 3835 275 3896 quam
293 3815 449 3898 dactylus·
465 3816 560 3877 Hanc
577 3813 812 3894 quaestionem,
827 3813 893 3874 iam
911 3832 931 3873 a
947 3811 1123 3895 Rumpolio
1140 3817 1311 3874 tractatam
1335 3811 1461 3892 (Philo-

176 3921 244 4004 logi
268 3943 298 3985 v.
324 3925 376 4001 28,
400 3943 432 4005 p.
458 3923 521 3984 429
547 3920 620 4003 sq.)‚
650 3922 704 3983 hio
738 3921 819 3982 mihi
851 3919 952 3982 licoat
986 3924 1167 3982 retractare
1200 3919 1349 3982 omnibus
1385 3937 1462 3980 anu·

177 4031 309 4092 maratis
343 4030 434 4106 locis,
473 4027 530 4091 ubi
569 4028 601 4088 in
638 4027 750 4107 quinto
787 4026 966 4088 tetraniotii
1003 4025 1086 4108 pedo
1122 4025 1180 4087 illa
1203 4024 1321 4090 solutio
1346 4029 1460 4086 oxstal.

177 4135 300 4197 Horum
323 4134 419 4218 longa
447 4134 589 4196 maxima
612 4153 689 4214 pars
713 4133 759 4195 ita
784 4137 975 4213 comparata
999 4138 1056 4209 est,
1074 4137 1108 4194 ut
1126 4131 1309 4196 tribrachus
1325 4135 1382 4192 aut
1397 4150 1461 4193 uno

178 4243 345 4324 trisyllabo
370 4241 532 4306 vocabulo
557 4243 770 4323 cicutinoalur,
797 4246 852 4302 aut
876 4241 970 4303 initio
996 4240 1204 4322 polysyllabi:
1240 4237 1329 4320 quod
1352 4237 1462 4300 inveni

179 4353 220 4413 37
244 4351 333 4415 locis:
360 4351 398 4414 A.
425 4353 499 4412 316.
527 4351 600 4411 322.
628 4351 701 4412 000.
726 4349 765 4411 Ε.
792 4350 867 4410 262.
895 4349 970 4409 321.
998 4349 1072 4410 074.
1099 4349 1173 4409 610.
1201 4347 1295 4408 1303.
1322 4345 1361 4406 V.
1387 4344 1461 4406 372.

179 4461 253 4522 458.
278 4461 354 4521 460.
379 4461 454 4520 462.
480 4459 555 4520 498.
582 4459 656 4519 606.
683 4461 758 4520 510.
786 4459 860 4518 623.
886 4457 923 4518 P.
950 4458 1024 4518 309,
1055 4457 1128 4517 009.
1166 4455 1239 4517 610.
1275 4455 1349 4514 641.
1388 4455 1462 4516 647.

180 4567 242 4630 Αν.
272 4568 346 4628 274.
372 4568 448 4628 276.
473 4566 548 4628 296.
575 4567 649 4628 302.
676 4567 750 4628 303.
777 4565 851 4626 378.
880 4564 954 4625 796.
982 4565 1076 4625 1072.
1105 4564 1199 4624 1077.
1236 4563 1331 4622 1083.
1367 4563 1462 4623 1087.

1321 4681 1353 4734 4*
