3446 5396
676 431 877 494 -139-1-

315 609 550 675 Praesens
587 615 879 678 etaoristus
916 617 1233 679 ecni‘unctivi.
1361 594 1405 609 '¹

173 780 212 844 In
236 781 369 862 opodcso'
394 788 442 846 est
457 785 614 864 ,focorum
636 785 704 848 iud.
941 864 943 872 y

148 883 231 946 ,Εο.
259 887 321 950 682
348 885 429 968 (au.)
455 889 614 964 κληρώσω
627 892 771 970 «πάντας,
797 891 860 968 1εἰιις
884 892 923 956 ἂν
943 891 1012 955 --d
1037 895 1143 972 λαχὼν
1159 894 1410 978 campocuna-

129 994 181 1058 καὶ
204 992 333 1076 κηρύξῃ.
358 991 508 1059 Ceterum
533 995 586 1058 hic
611 996 702 1060 locus
725 998 791 1062 sere
816 999 856 1062 ad
882 1019 946 1075 eos,
986 1001 1042 1081 qui
1077 1019 1145 1064 aar.
1170 1003 1253 1066 ooui.
1279 1003 1412 1078 habent,

128 1099 241 1162 reiemi
267 1105 383 1182 potest:
407 1121 482 1166 nam
507 1101 630 1166 formae
659 1106 750 1168 verbi
776 1106 899 1170 ἀπιέναι
923 1113 954 1170 et
995 1107 1152 1172 diutinam
1192 1117 1241 1170 etr
1260 1110 1411 1173 nonanti·

130 1206 230 1268 tinam
256 1207 397 1289 speciem
424 1209 617 1290 significant.
700 1265 702 1270 .
824 1265 827 1272 .
894 1263 896 1272 .

170 1395 214 1411 -·
257 1405 260 1415 ·
438 1379 469 1444 2.
498 1375 776 1450 ENUNTIATA
804 1367 1093 1452 diducente.
1140 1487 1144 1496 Ι

154 1527 208 1593 ln
226 1528 355 1608 protasi
378 1529 474 1591 huius
496 1531 623 1611 generis
648 1535 785 1612 utroque
809 1531 881 1594 loco
906 1537 954 1594 est
978 1533 1062 1596 coris
1064 1539 1114 1595 tus
1142 1533 1231 1610 coni„
1265 1535 1297 1596 in
1330 1497 1406 1614 (οἰο-

132 1633 259 1698 dosi—
214 1655 424 1714 —praesens
450 1635 514 1698 too.
582 1701 585 1712 .
677 1697 680 1705 ,
1044 1697 1047 1704 ,

171 1741 212 1804 N
241 1743 325 1804 1460
349 1745 503 1874 ποιοῦμεν
526 1743 614 1807 ταῦθ’
641 1743 789 1808 ἑκάστοθ’
792 1746 909 1825 ,-ἕως
945 1747 985 1812 ἂν
1020 1748 1120 1812 αὐτὸν
1153 1749 1388 1828 ἐμβάλωμεν’
1365 1771 1408 1827 εις

129 1851 269 1916 κακόν.
698 1895 699 1900 1

172 1957 216 2022 1.
239 1901 314 2020 565
329 1957 410 2044 (an.)
437 1929 669 2038 προστιθέασιν
694 1961 774 2026 κακὰ
797 1961 882 2039 πρὸς
904 1965 972 2038 τοῖς
1008 1961 1113 2044 οὖσιν,
1148 1962 1225 2040 ἕως·
1240 1962 1410 2028 ἀνιὼν-ἂν

130 2067 234 2148 ἰσώσῃ
259 2069 363 2132 τοῖσιν
387 2068 521 2146 ἐμοῖσιν.
545 2067 769 2150 Participium-
797 2070 896 2136 ἀνιών
918 2069 1039 2132 .ι1ιι1ιιιιι
1081 2075 1129 2132 eat
1143 2089 1201 2134 ,ex
1231 2069 1410 2134 Hermauni

134 2174 327 2237 coniectura:
351 2173 429 2236 libri
453 2193 564 2237 omnes
587 2180 682 2258 praet
683 2195 719 2238 er
670 2176 781 2252 t,V
807 2179 863 2258 qui
886 2177 987 2240 habet
974 2177 1119 2255 iiviris,
1143 2179 1278 2241 verbum
1314 2180 1409 2241 cmit-

138 2287 211 2343 tunt.
234 2281 441 2364 Suspectam
449 2281 598 2346 reddite
602 2283 753 2348 thneii
777 2284 876 2348 solius
898 2284 972 2348 lect'
951 2290 1125 2348 tironeme
1112 2286 1320 2350 tllcrmanni
1335 2305 1410 2348 con-

141 2389 287 2452 iecturam
311 2390 467 2452 inusitata
490 2390 710 2453 collocatio
693 2413 731 2454 αν
765 2391 959 2472 particulae,
995 2394 1076 2455 ab‘
1068 2413 1131 2471 εως
1167 2398 1198 2454 et
1231 2393 1409 2492 participio

143 2493 168 2558 e'i
189 2493 323 2560 caesura
346 2497 523 2598 seiumciae3
553 2497 592 2560 de
617 2517 682 2578 qua
706 2517 740 2561 re
764 2499 840 2561 vide
864 2499 1066 2600 intrepi
1031 2507 1066 2564 14
1073 2503 1091 2563 2
1117 2501 1159 2562 ad
1182 2499 1223 2562 R
1252 2492 1358 2563 1281.

190 2699 254 2756 ΙΙΙ.
273 2699 466 2755 1111111111111
487 2702 703 2768 temporalia,
724 2715 813 2769 quae
834 2713 854 2755 a
877 2702 1030 2767 porticui
1033 2699 1054 2757 e'
1073 2705 1138 2769 uptv
1150 2699 1343 2758 ducuntur.

173 2811 282 2874 Huius
306 2812 433 2894 generis
458 2813 627 2875 enuntiata
650 2811 731 2875 illud
753 2813 921 2894 proprium
945 2813 1076 2888 habent,
1110 2811 1196 2892 quod
1233 2813 1410 2874 coniuncti-

130 2939 187 2981 vns
210 2918 394 3001 particulae
419 2919 493 2995 πρίν
516 2937 581 2980 non
605 2919 802 3001 adiungitur,
831 2919 893 2982 nisi
907 2920 1065 3001 primaria
1083 2920 1242 2982 sententia
1257 2921 1411 3000 negativa

127 3031 186 3090 cst.
210 3026 458 3090 Memorabilicr
483 3032 531 3089 est
554 3026 643 3088 locus
666 3027 724 3088 Ec.
752 3028 825 3101 710,
851 3027 907 3089 ubi
931 3027 1063 3107 negatio
1087 3045 1151 3088 non
1185 3028 1317 3108 proprio
1353 3047 1410 3089 vc·

126 3133 246 3198 cabulo
271 3139 503 3216 expressunt,
528 3134 585 3196 sed
608 3135 642 3194 in
666 3135 768 3197 verbo
791 3133 975 3215 praedicati
997 3136 1215 3212 φνλάττεσθαι
1239 3135 1327 3197 latet.
1377 3177 1381 3182 -

170 3239 301 3303 Deinde
325 3242 387 3302 hoo
411 3244 525 3303 notatu
552 3241 685 3322 dignum
709 3247 766 3317 est,
792 3239 880 3321 quod
904 3242 937 3302 in
960 3241 1118 3322 primario
1144 3242 1311 3304 annuntiato
1336 3261 1409 3302 urra-

127 3366 228 3428 qnam
266 3346 382 3428 legitur
406 3348 567 3425 πρότερον
586 3347 643 3422 ¹uel
667 3347 782 3409 similis
806 3365 880 3422 vox,
917 3365 1001 3428 quae
1035 3347 1217 3428 particulae
1249 3349 1323 3424 πρίν
1359 3367 1408 3410 re·

125 3452 296 3535 spondeat.
412 3527 416 3532 ¹
1404 3463 1408 3472 ·

171 3560 360 3622 Particulae
384 3561 455 3638 πμίν
479 3580 552 3626 cum
577 3563 785 3626 coniunctivo
809 3563 1012 3639 coniunctae,
1038 3567 1072 3623 ut
1095 3563 1130 3624 in
1154 3562 1227 3624 aliia
1260 3563 1407 3623 enuntia-

126 3669 168 3732 tis
193 3666 337 3730 eiusdem
359 3668 487 3750 generis
511 3669 798 3746 condicionalibus,
826 3669 1070 3753 temporalibus,
1094 3668 1250 3745 relativis,
1279 3667 1408 3732 additur

125 3773 292 3856 particula
315 3774 354 3839 ἄν
377 3774 445 3855 (vel
469 3777 507 3839 κά
531 3777 564 3838 in
587 3777 725 3840 Laconis
750 3778 897 3840 oratione
920 3777 956 3841 L.
984 3778 1066 3838 1005
1092 3783 1124 3840 ο1
1148 3777 1202 3840 κέν
1225 3776 1258 3838 in
1283 3774 1409 3839 duobus

126 3881 209 3946 locis
234 3880 275 3944 ad
298 3881 434 3945 Homeri
459 3883 626 3968 exemplar
650 3886 838 3967 compositis
862 3886 899 3947 P.
927 3885 1011 3948 1076
1048 3889 1079 3948 ct
1117 3884 1211 3962 1112,
1247 3884 1273 3946 ei
1309 3882 1407 3946 modo

127 3991 274 4068 ὑμεναιοῖ
298 3990 524 4054 coniunctivus
548 3990 619 4074 mi).
645 3989 706 4055 Gui
740 3992 805 4073 legi
841 3997 995 4072 quattuor
1029 3989 1096 4054 loci
1135 4007 1316 4072 repugnare
1357 3990 1408 4051 vi-

131 4097 258 4162 dentur:
283 4097 323 4162 R.
349 4100 446 4164 1281.
470 4098 528 4164 Εο.
555 4101 628 4164 629.
656 4102 729 4162 152.
755 4101 830 4180 85ῖ,
855 4101 889 4163 in
914 4101 1030 4181 quibus
1054 4100 1132 4162 libri
1156 4099 1195 4164 ἄν
1219 4099 1405 4162 omittunt*

163 4275 178 4306 *
199 4273 280 4344 Quod
299 4284 394 4330 autem
414 4275 441 4329 in
460 4275 510 4329 Ec.
533 4277 586 4330 857
606 4273 696 4330 codex
715 4276 863 4333 Parisinus
894 4275 1015 4331 Bsolus
1043 4275 1115 4331 illud
1147 4277 1181 4330 ἄν
1204 4277 1317 4346 (parum
1337 4279 1406 4346 apio

126 4375 222 4422 tamen
240 4366 318 4435 ioco)
336 4365 432 4432 habet,
451 4381 503 4434 pro
523 4365 613 4419 nihilo
633 4365 661 4419 id
678 4365 839 4421 habendum
861 4371 914 4422 est:
936 4367 1010 4420 hunc
1030 4367 1103 4420 enim
1124 4363 1250 4420 codicem
1278 4379 1312 4418 ex
1342 4361 1407 4418 Flo·

127 4453 241 4510 sentim
261 4454 436 4517 incussae,
458 4451 709 4508 verisimillimum
729 4469 791 4508 asse
811 4452 1017 4508 demonstravit
1044 4452 1200 4508 Kuahneus
1220 4469 1246 4522 p.
1266 4454 1292 4520 8,
1316 4457 1347 4504 ut
1366 4447 1405 4504 ni·

128 4543 172 4600 hii
189 4540 286 4602 valen
301 4541 336 4598 ad
356 4541 584 4600 constituendum
604 4548 724 4614 textum,
743 4541 965 4612 saepissimeque
985 4539 1201 4612 interpolatoris
1221 4554 1334 4596 nauum
1360 4554 1408 4600 cx-

126 4639 240 4706 partum
259 4648 331 4689 essa.
