<?xml version="1.0" encoding="UTF-8"?>
<!DOCTYPE html PUBLIC "-//W3C//DTD XHTML 1.0 Transitional//EN"
    "http://www.w3.org/TR/xhtml1/DTD/xhtml1-transitional.dtd">
<html xmlns="http://www.w3.org/1999/xhtml" xml:lang="en" lang="en">
 <head>
  <title>
</title>
<meta http-equiv="Content-Type" content="text/html;charset=utf-8" />
  <meta name='ocr-system' content='tesseract 3.04.00' />
  <meta name='ocr-capabilities' content='ocr_page ocr_carea ocr_par ocr_line ocrx_word'/>
</head>
<body>
  <div class='ocr_page' id='page_1' title='image "./syntaxisaristop00sobogoog_0131.png"; bbox 0 0 3468 5390; ppageno 0'>
   <div class='ocr_carea' id='block_1_1' title="bbox 830 461 1032 526">
    <p class='ocr_par' dir='ltr' id='par_1_1' title="bbox 830 461 1032 526">
     <span class='ocr_line' id='line_1_1' title="bbox 830 461 1032 526; baseline -0.01 0"><span class='ocrx_word' id='word_1_1' title='bbox 830 461 1032 526; x_wconf 82' lang='lat'>-116-</span> 
     </span>
    </p>
   </div>
   <div class='ocr_carea' id='block_1_2' title="bbox 242 620 1572 3268">
    <p class='ocr_par' dir='ltr' id='par_1_2' title="bbox 283 620 1572 814">
     <span class='ocr_line' id='line_1_2' title="bbox 283 620 1572 707; baseline -0.002 -21"><span class='ocrx_word' id='word_1_2' title='bbox 283 625 388 707; x_wconf 80' lang='lat' dir='ltr'>magis</span> <span class='ocrx_word' id='word_1_3' title='bbox 412 643 512 706; x_wconf 83' lang='lat' dir='ltr'>quam</span> <span class='ocrx_word' id='word_1_4' title='bbox 534 623 985 707; x_wconf 82' lang='lat' dir='ltr'>unquam“=,‚potissimum,</span> <span class='ocrx_word' id='word_1_5' title='bbox 1011 641 1111 704; x_wconf 88' lang='lat' dir='ltr'>quam</span> <span class='ocrx_word' id='word_1_6' title='bbox 1134 623 1311 687; x_wconf 83' lang='lat' dir='ltr'>maxime“.</span> <span class='ocrx_word' id='word_1_7' title='bbox 1324 621 1483 688; x_wconf 84' lang='lat' dir='ltr'>Similiter</span> <span class='ocrx_word' id='word_1_8' title='bbox 1504 620 1572 684; x_wconf 87' lang='lat' dir='ltr'>La-</span> 
     </span>
     <span class='ocr_line' id='line_1_3' title="bbox 283 727 1140 814; baseline -0.004 -20"><span class='ocrx_word' id='word_1_9' title='bbox 283 733 349 795; x_wconf 85' lang='lat' dir='ltr'>tine</span> <span class='ocrx_word' id='word_1_10' title='bbox 373 730 500 795; x_wconf 90' lang='lat' dir='ltr'>dieitur:</span> <span class='ocrx_word' id='word_1_11' title='bbox 528 732 576 810; x_wconf 88' lang='lat' dir='ltr'>„si</span> <span class='ocrx_word' id='word_1_12' title='bbox 599 732 789 813; x_wconf 85' lang='lat' dir='ltr'>quisquam“</span> <span class='ocrx_word' id='word_1_13' title='bbox 817 727 898 814; x_wconf 77' lang='lat' dir='ltr'>(oie.</span> <span class='ocrx_word' id='word_1_14' title='bbox 921 729 1012 793; x_wconf 84' lang='lat' dir='ltr'>Lael.</span> <span class='ocrx_word' id='word_1_15' title='bbox 1039 731 1069 808; x_wconf 93' lang='grc'>2,</span> <span class='ocrx_word' id='word_1_16' title='bbox 1094 729 1140 813; x_wconf 87' lang='grc'>9).</span> 
     </span>
    </p>

    <p class='ocr_par' dir='ltr' id='par_1_3' title="bbox 283 834 1571 1113">
     <span class='ocr_line' id='line_1_4' title="bbox 328 834 1571 922; baseline -0.002 -22"><span class='ocrx_word' id='word_1_17' title='bbox 328 837 369 901; x_wconf 85' lang='grc' dir='ltr'>Α.</span> <span class='ocrx_word' id='word_1_18' title='bbox 393 840 458 900; x_wconf 89' lang='grc'>405</span> <span class='ocrx_word' id='word_1_19' title='bbox 490 839 694 917; x_wconf 86' lang='grc' dir='ltr'>ὑπάκουσον,</span> <span class='ocrx_word' id='word_1_20' title='bbox 719 839 808 916; x_wconf 85' lang='grc' dir='ltr'>εἴπερ</span> <span class='ocrx_word' id='word_1_21' title='bbox 831 834 956 903; x_wconf 86' lang='grc' dir='ltr'>πώποτ’</span> <span class='ocrx_word' id='word_1_22' title='bbox 982 837 1165 915; x_wconf 86' lang='grc' dir='ltr'>ἀνθρώπων</span> <span class='ocrx_word' id='word_1_23' title='bbox 1188 837 1256 914; x_wconf 88' lang='grc' dir='ltr'>τινί,</span> <span class='ocrx_word' id='word_1_24' title='bbox 1282 835 1370 919; x_wconf 90' lang='lat' dir='ltr'>quod</span> <span class='ocrx_word' id='word_1_25' title='bbox 1394 836 1571 922; x_wconf 81' lang='lat' dir='ltr'>significat:</span> 
     </span>
     <span class='ocr_line' id='line_1_5' title="bbox 285 941 1570 1026; baseline 0.001 -20"><span class='ocrx_word' id='word_1_26' title='bbox 285 944 454 1024; x_wconf 87' lang='lat' dir='ltr'>„ausculta</span> <span class='ocrx_word' id='word_1_27' title='bbox 476 944 567 1024; x_wconf 86' lang='lat' dir='ltr'>mihi,</span> <span class='ocrx_word' id='word_1_28' title='bbox 591 945 619 1007; x_wconf 90' lang='lat' dir='ltr'>si</span> <span class='ocrx_word' id='word_1_29' title='bbox 642 941 787 1026; x_wconf 77' lang='lat' dir='ltr'>&#39;unquam</span> <span class='ocrx_word' id='word_1_30' title='bbox 810 943 1001 1007; x_wconf 85' lang='lat' dir='ltr'>auscultasti</span> <span class='ocrx_word' id='word_1_31' title='bbox 1025 945 1213 1025; x_wconf 84' lang='lat' dir='ltr'>cuiquam“,</span> <span class='ocrx_word' id='word_1_32' title='bbox 1237 945 1269 1007; x_wconf 94' lang='lat' dir='ltr'>h.</span> <span class='ocrx_word' id='word_1_33' title='bbox 1296 962 1324 1007; x_wconf 89' lang='lat' dir='ltr'>e.</span> <span class='ocrx_word' id='word_1_34' title='bbox 1345 962 1449 1023; x_wconf 80' lang='lat' dir='ltr'>„nuno</span> <span class='ocrx_word' id='word_1_35' title='bbox 1467 962 1570 1024; x_wconf 86' lang='lat' dir='ltr'>quam</span> 
     </span>
     <span class='ocr_line' id='line_1_6' title="bbox 283 1049 457 1113; baseline 0.006 -1"><span class='ocrx_word' id='word_1_36' title='bbox 283 1049 457 1113; x_wconf 83' lang='lat' dir='ltr'>maxime“.</span> 
     </span>
    </p>

    <p class='ocr_par' dir='ltr' id='par_1_4' title="bbox 327 1155 1400 1240">
     <span class='ocr_line' id='line_1_7' title="bbox 327 1155 1400 1240; baseline 0.001 -20"><span class='ocrx_word' id='word_1_37' title='bbox 327 1158 366 1220; x_wconf 82' lang='lat' dir='ltr'>E.</span> <span class='ocrx_word' id='word_1_38' title='bbox 393 1158 457 1220; x_wconf 84' lang='lat'>594</span> <span class='ocrx_word' id='word_1_39' title='bbox 480 1155 569 1240; x_wconf 76' lang='lat' dir='ltr'><strong>(lyr.)</strong></span> <span class='ocrx_word' id='word_1_40' title='bbox 594 1157 820 1236; x_wconf 86' lang='grc' dir='ltr'>δεῖ-πορίσαι</span> <span class='ocrx_word' id='word_1_41' title='bbox 844 1173 883 1222; x_wconf 89' lang='grc' dir='ltr'>σε</span> <span class='ocrx_word' id='word_1_42' title='bbox 906 1157 1006 1235; x_wconf 82' lang='grc' dir='ltr'>νίκην,</span> <span class='ocrx_word' id='word_1_43' title='bbox 1031 1157 1120 1235; x_wconf 83' lang='grc' dir='ltr'>εῖπερ</span> <span class='ocrx_word' id='word_1_44' title='bbox 1143 1159 1231 1233; x_wconf 86' lang='grc' dir='ltr'>ποτέ,</span> <span class='ocrx_word' id='word_1_45' title='bbox 1258 1160 1308 1222; x_wconf 85' lang='grc' dir='ltr'>καὶ</span> <span class='ocrx_word' id='word_1_46' title='bbox 1331 1161 1400 1223; x_wconf 84' lang='grc' dir='ltr'>νῦν.</span> 
     </span>
    </p>

    <p class='ocr_par' dir='ltr' id='par_1_5' title="bbox 325 1262 1328 1348">
     <span class='ocr_line' id='line_1_8' title="bbox 325 1262 1328 1348; baseline 0.002 -22"><span class='ocrx_word' id='word_1_47' title='bbox 325 1262 367 1326; x_wconf 99' lang='grc' dir='ltr'>Ν.</span> <span class='ocrx_word' id='word_1_48' title='bbox 393 1265 456 1327; x_wconf 91' lang='grc'>356</span> <span class='ocrx_word' id='word_1_49' title='bbox 482 1262 563 1347; x_wconf 90' lang='lat' dir='ltr'>(an.)</span> <span class='ocrx_word' id='word_1_50' title='bbox 589 1263 677 1341; x_wconf 81' lang='grc' dir='ltr'>εἴπερ</span> <span class='ocrx_word' id='word_1_51' title='bbox 700 1265 759 1328; x_wconf 83' lang='grc' dir='ltr'>τινὶ</span> <span class='ocrx_word' id='word_1_52' title='bbox 783 1263 888 1348; x_wconf 84' lang='grc' dir='ltr'>κᾶλλῳ</span> <span class='ocrx_word' id='word_1_53' title='bbox 890 1264 1062 1346; x_wconf 83' lang='grc' dir='ltr'>,-ῥήξατε</span> <span class='ocrx_word' id='word_1_54' title='bbox 1085 1264 1179 1343; x_wconf 84' lang='grc' dir='ltr'>κάμοὶ</span> <span class='ocrx_word' id='word_1_55' title='bbox 1202 1266 1328 1344; x_wconf 87' lang='grc' dir='ltr'>φωνήν.</span> 
     </span>
    </p>

    <p class='ocr_par' dir='ltr' id='par_1_6' title="bbox 326 1369 1085 1452">
     <span class='ocr_line' id='line_1_9' title="bbox 326 1369 1085 1452; baseline 0.003 -20"><span class='ocrx_word' id='word_1_56' title='bbox 326 1370 364 1432; x_wconf 92' lang='grc' dir='ltr'>Ρ.</span> <span class='ocrx_word' id='word_1_57' title='bbox 390 1371 454 1432; x_wconf 90' lang='grc'>302</span> <span class='ocrx_word' id='word_1_58' title='bbox 481 1369 549 1452; x_wconf 86' lang='lat' dir='ltr'>(tr.)</span> <span class='ocrx_word' id='word_1_59' title='bbox 576 1370 801 1448; x_wconf 87' lang='grc' dir='ltr'>βοηθήσωμεν,</span> <span class='ocrx_word' id='word_1_60' title='bbox 828 1369 916 1448; x_wconf 85' lang='grc' dir='ltr'>εἴπερ</span> <span class='ocrx_word' id='word_1_61' title='bbox 941 1369 1085 1435; x_wconf 85' lang='grc' dir='ltr'>παιποπε.</span> 
     </span>
    </p>

    <p class='ocr_par' dir='ltr' id='par_1_7' title="bbox 282 1475 1569 1667">
     <span class='ocr_line' id='line_1_10' title="bbox 324 1475 1569 1560; baseline 0.002 -21"><span class='ocrx_word' id='word_1_62' title='bbox 324 1476 384 1540; x_wconf 86' lang='grc' dir='ltr'>Εο.</span> <span class='ocrx_word' id='word_1_63' title='bbox 410 1477 449 1539; x_wconf 88' lang='lat'>81</span> <span class='ocrx_word' id='word_1_64' title='bbox 476 1476 740 1560; x_wconf 81' lang='grc' dir='ltr'>ἐπιτήδειος-ἂν</span> <span class='ocrx_word' id='word_1_65' title='bbox 763 1475 813 1554; x_wconf 82' lang='grc' dir='ltr'>ἦν,</span> <span class='ocrx_word' id='word_1_66' title='bbox 817 1476 954 1555; x_wconf 82' lang='grc' dir='ltr'>-εῖπερ</span> <span class='ocrx_word' id='word_1_67' title='bbox 977 1498 1023 1556; x_wconf 82' lang='grc' dir='ltr'>τις</span> <span class='ocrx_word' id='word_1_68' title='bbox 1047 1477 1156 1556; x_wconf 85' lang='grc' dir='ltr'>ἄλλος,</span> <span class='ocrx_word' id='word_1_69' title='bbox 1182 1481 1352 1556; x_wconf 81' lang='grc' dir='ltr'>βουκολεῖν</span> <span class='ocrx_word' id='word_1_70' title='bbox 1374 1480 1433 1556; x_wconf 85' lang='grc' dir='ltr'>τὴν</span> <span class='ocrx_word' id='word_1_71' title='bbox 1449 1477 1569 1556; x_wconf 84' lang='grc' dir='ltr'>Δημιιὺ</span> 
     </span>
     <span class='ocr_line' id='line_1_11' title="bbox 282 1581 1111 1667; baseline 0 -19"><span class='ocrx_word' id='word_1_72' title='bbox 282 1581 332 1666; x_wconf 90' lang='lat' dir='ltr'>(ll.</span> <span class='ocrx_word' id='word_1_73' title='bbox 357 1584 416 1650; x_wconf 86' lang='grc' dir='ltr'>τὸν</span> <span class='ocrx_word' id='word_1_74' title='bbox 438 1583 565 1667; x_wconf 81' lang='grc' dir='ltr'>δήμιον)</span> <span class='ocrx_word' id='word_1_75' title='bbox 594 1583 760 1662; x_wconf 83' lang='lat' dir='ltr'>„omnium</span> <span class='ocrx_word' id='word_1_76' title='bbox 785 1584 969 1666; x_wconf 85' lang='lat' dir='ltr'>aptissimus</span> <span class='ocrx_word' id='word_1_77' title='bbox 995 1588 1111 1648; x_wconf 63' lang='lat' dir='ltr'>esset‘t</span> 
     </span>
    </p>

    <p class='ocr_par' dir='ltr' id='par_1_8' title="bbox 280 1689 1571 1968">
     <span class='ocr_line' id='line_1_12' title="bbox 325 1689 1569 1769; baseline 0 -15"><span class='ocrx_word' id='word_1_78' title='bbox 325 1690 376 1754; x_wconf 93' lang='lat' dir='ltr'>Pl.</span> <span class='ocrx_word' id='word_1_79' title='bbox 402 1691 465 1754; x_wconf 88' lang='grc'>655</span> <span class='ocrx_word' id='word_1_80' title='bbox 491 1689 593 1768; x_wconf 88' lang='grc' dir='ltr'>ἄνδρα</span> <span class='ocrx_word' id='word_1_81' title='bbox 613 1690 685 1754; x_wconf 89' lang='grc' dir='ltr'>τότε</span> <span class='ocrx_word' id='word_1_82' title='bbox 709 1691 766 1768; x_wconf 88' lang='grc' dir='ltr'>μὲν</span> <span class='ocrx_word' id='word_1_83' title='bbox 790 1689 996 1769; x_wconf 80' lang='grc' dir='ltr'>ἀθλιώτατον,</span> <span class='ocrx_word' id='word_1_84' title='bbox 1020 1690 1130 1756; x_wconf 82' lang='grc' dir='ltr'>νῦνδ’</span> <span class='ocrx_word' id='word_1_85' title='bbox 1153 1691 1182 1755; x_wconf 82' lang='grc' dir='ltr'>εἴ</span> <span class='ocrx_word' id='word_1_86' title='bbox 1203 1690 1261 1755; x_wconf 85' lang='grc' dir='ltr'>τιν’</span> <span class='ocrx_word' id='word_1_87' title='bbox 1286 1689 1385 1756; x_wconf 85' lang='grc' dir='ltr'>ἄλλον</span> <span class='ocrx_word' id='word_1_88' title='bbox 1409 1691 1569 1769; x_wconf 87' lang='grc' dir='ltr'>μακάριον</span> 
     </span>
     <span class='ocr_line' id='line_1_13' title="bbox 280 1796 1571 1877; baseline 0.001 -16"><span class='ocrx_word' id='word_1_89' title='bbox 280 1797 478 1877; x_wconf 85' lang='grc' dir='ltr'>κεύδαίμονα</span> <span class='ocrx_word' id='word_1_90' title='bbox 504 1796 745 1876; x_wconf 84' lang='lat' dir='ltr'>„felicissimum</span> <span class='ocrx_word' id='word_1_91' title='bbox 769 1816 808 1860; x_wconf 89' lang='lat' dir='ltr'>ac</span> <span class='ocrx_word' id='word_1_92' title='bbox 830 1798 1089 1876; x_wconf 82' lang='lat' dir='ltr'>beatissimum“‚</span> <span class='ocrx_word' id='word_1_93' title='bbox 1106 1799 1165 1864; x_wconf 88' lang='lat' dir='ltr'>ubi</span> <span class='ocrx_word' id='word_1_94' title='bbox 1181 1798 1334 1862; x_wconf 77' lang='lat' dir='ltr'>attractio</span> <span class='ocrx_word' id='word_1_95' title='bbox 1351 1817 1445 1862; x_wconf 76' lang='lat' dir='ltr'>casim</span> <span class='ocrx_word' id='word_1_96' title='bbox 1461 1801 1571 1864; x_wconf 81' lang='lat' dir='ltr'>atten-</span> 
     </span>
     <span class='ocr_line' id='line_1_14' title="bbox 281 1903 471 1968; baseline 0 -2"><span class='ocrx_word' id='word_1_97' title='bbox 281 1903 390 1968; x_wconf 88' lang='lat' dir='ltr'>denda</span> <span class='ocrx_word' id='word_1_98' title='bbox 414 1908 471 1968; x_wconf 86' lang='lat' dir='ltr'>est.</span> 
     </span>
    </p>

    <p class='ocr_par' dir='ltr' id='par_1_9' title="bbox 277 2008 1568 2412">
     <span class='ocr_line' id='line_1_15' title="bbox 327 2008 1565 2094; baseline -0.001 -21"><span class='ocrx_word' id='word_1_99' title='bbox 327 2013 357 2074; x_wconf 89' lang='lat'>2.</span> <span class='ocrx_word' id='word_1_100' title='bbox 384 2009 416 2076; x_wconf 88' lang='grc' dir='ltr'>Εἰ</span> <span class='ocrx_word' id='word_1_101' title='bbox 439 2008 604 2076; x_wconf 87' lang='lat' dir='ltr'>interdum</span> <span class='ocrx_word' id='word_1_102' title='bbox 627 2008 761 2074; x_wconf 81' lang='lat' dir='ltr'>additur</span> <span class='ocrx_word' id='word_1_103' title='bbox 783 2011 885 2074; x_wconf 87' lang='lat' dir='ltr'>verbo</span> <span class='ocrx_word' id='word_1_104' title='bbox 910 2011 1022 2088; x_wconf 88' lang='grc' dir='ltr'>ὥσπερ</span> <span class='ocrx_word' id='word_1_105' title='bbox 1045 2013 1080 2075; x_wconf 89' lang='lat' dir='ltr'>in</span> <span class='ocrx_word' id='word_1_106' title='bbox 1103 2012 1359 2094; x_wconf 84' lang='lat' dir='ltr'>comparatione,</span> <span class='ocrx_word' id='word_1_107' title='bbox 1383 2011 1429 2072; x_wconf 89' lang='lat' dir='ltr'>ita</span> <span class='ocrx_word' id='word_1_108' title='bbox 1444 2015 1565 2088; x_wconf 73' lang='lat' dir='ltr'>tamen,</span> 
     </span>
     <span class='ocr_line' id='line_1_16' title="bbox 278 2114 1566 2202; baseline 0.002 -22"><span class='ocrx_word' id='word_1_109' title='bbox 278 2124 315 2181; x_wconf 90' lang='lat' dir='ltr'>ut</span> <span class='ocrx_word' id='word_1_110' title='bbox 353 2117 422 2180; x_wconf 87' lang='lat' dir='ltr'>eius</span> <span class='ocrx_word' id='word_1_111' title='bbox 456 2116 526 2178; x_wconf 87' lang='lat' dir='ltr'>vim</span> <span class='ocrx_word' id='word_1_112' title='bbox 559 2114 640 2178; x_wconf 90' lang='lat' dir='ltr'>nihil</span> <span class='ocrx_word' id='word_1_113' title='bbox 664 2120 776 2178; x_wconf 83' lang='lat' dir='ltr'>mutet</span> <span class='ocrx_word' id='word_1_114' title='bbox 812 2116 866 2199; x_wconf 85' lang='lat' dir='ltr'>(cf.</span> <span class='ocrx_word' id='word_1_115' title='bbox 892 2115 1065 2198; x_wconf 79' lang='lat' dir='ltr'>Goodwin.</span> <span class='ocrx_word' id='word_1_116' title='bbox 1102 2119 1234 2202; x_wconf 79' lang='lat'>§485):</span> <span class='ocrx_word' id='word_1_117' title='bbox 1258 2116 1299 2182; x_wconf 79' lang='lat' dir='ltr'>A.</span> <span class='ocrx_word' id='word_1_118' title='bbox 1325 2119 1399 2182; x_wconf 84' lang='lat'><strong>876.</strong></span> <span class='ocrx_word' id='word_1_119' title='bbox 1423 2116 1462 2179; x_wconf 86' lang='lat' dir='ltr'>E.</span> <span class='ocrx_word' id='word_1_120' title='bbox 1488 2117 1566 2182; x_wconf 81' lang='grc'>270.</span> 
     </span>
     <span class='ocr_line' id='line_1_17' title="bbox 277 2219 1568 2309; baseline 0.002 -23"><span class='ocrx_word' id='word_1_121' title='bbox 277 2223 320 2288; x_wconf 91' lang='grc' dir='ltr'>Ν.</span> <span class='ocrx_word' id='word_1_122' title='bbox 348 2222 443 2285; x_wconf 87' lang='grc'><strong>1358.</strong></span> <span class='ocrx_word' id='word_1_123' title='bbox 471 2221 568 2283; x_wconf 87' lang='grc'><strong>1360.</strong></span> <span class='ocrx_word' id='word_1_124' title='bbox 591 2219 632 2283; x_wconf 89' lang='lat' dir='ltr'>V.</span> <span class='ocrx_word' id='word_1_125' title='bbox 659 2222 732 2285; x_wconf 91' lang='grc'>130.</span> <span class='ocrx_word' id='word_1_126' title='bbox 759 2224 855 2286; x_wconf 82' lang='grc'><strong>1107.</strong></span> <span class='ocrx_word' id='word_1_127' title='bbox 880 2223 943 2286; x_wconf 86' lang='lat' dir='ltr'>Av.</span> <span class='ocrx_word' id='word_1_128' title='bbox 970 2225 1022 2286; x_wconf 86' lang='lat'>51.</span> <span class='ocrx_word' id='word_1_129' title='bbox 1041 2224 1147 2309; x_wconf 82' lang='grc'><strong>(748).</strong></span> <span class='ocrx_word' id='word_1_130' title='bbox 1164 2226 1260 2290; x_wconf 91' lang='grc'><strong>1519.</strong></span> <span class='ocrx_word' id='word_1_131' title='bbox 1274 2224 1311 2288; x_wconf 87' lang='lat' dir='ltr'>L.</span> <span class='ocrx_word' id='word_1_132' title='bbox 1327 2226 1401 2288; x_wconf 89' lang='lat'>115.</span> <span class='ocrx_word' id='word_1_133' title='bbox 1414 2223 1473 2286; x_wconf 81' lang='lat' dir='ltr'>Ec.</span> <span class='ocrx_word' id='word_1_134' title='bbox 1487 2225 1568 2288; x_wconf 77' lang='lat'><strong>537.</strong></span> 
     </span>
     <span class='ocr_line' id='line_1_18' title="bbox 278 2328 670 2412; baseline -0.008 -20"><span class='ocrx_word' id='word_1_135' title='bbox 278 2330 334 2398; x_wconf 86' lang='lat' dir='ltr'>Fr.</span> <span class='ocrx_word' id='word_1_136' title='bbox 361 2330 451 2412; x_wconf 83' lang='lat'><strong>(266.</strong></span> <span class='ocrx_word' id='word_1_137' title='bbox 476 2328 568 2411; x_wconf 83' lang='grc'><strong>474).</strong></span> <span class='ocrx_word' id='word_1_138' title='bbox 593 2329 670 2390; x_wconf 86' lang='grc'><strong>495.</strong></span> 
     </span>
    </p>

    <p class='ocr_par' dir='ltr' id='par_1_10' title="bbox 242 2435 1570 2841">
     <span class='ocr_line' id='line_1_19' title="bbox 326 2435 1326 2522; baseline 0.002 -24"><span class='ocrx_word' id='word_1_139' title='bbox 326 2438 355 2499; x_wconf 91' lang='grc'>3.</span> <span class='ocrx_word' id='word_1_140' title='bbox 381 2435 490 2499; x_wconf 82' lang='lat' dir='ltr'>Semel</span> <span class='ocrx_word' id='word_1_141' title='bbox 513 2435 603 2514; x_wconf 83' lang='grc' dir='ltr'>εἴπερ</span> <span class='ocrx_word' id='word_1_142' title='bbox 625 2454 686 2517; x_wconf 88' lang='lat' dir='ltr'>per</span> <span class='ocrx_word' id='word_1_143' title='bbox 709 2454 744 2497; x_wconf 89' lang='lat' dir='ltr'>se</span> <span class='ocrx_word' id='word_1_144' title='bbox 767 2439 831 2498; x_wconf 89' lang='lat' dir='ltr'>stat</span> <span class='ocrx_word' id='word_1_145' title='bbox 853 2437 1010 2522; x_wconf 80' lang='lat' dir='ltr'>singulari</span> <span class='ocrx_word' id='word_1_146' title='bbox 1033 2437 1269 2520; x_wconf 83' lang='lat' dir='ltr'>significatione</span> <span class='ocrx_word' id='word_1_147' title='bbox 1291 2439 1326 2500; x_wconf 93' lang='lat' dir='ltr'>in</span> 
     </span>
     <span class='ocr_line' id='line_1_20' title="bbox 242 2540 1570 2623; baseline 0.005 -19"><span class='ocrx_word' id='word_1_148' title='bbox 242 2569 248 2586; x_wconf 92' lang='lat'><strong>·</strong></span> <span class='ocrx_word' id='word_1_149' title='bbox 321 2542 364 2605; x_wconf 86' lang='lat' dir='ltr'>N.</span> <span class='ocrx_word' id='word_1_150' title='bbox 389 2545 451 2606; x_wconf 84' lang='grc'>227</span> <span class='ocrx_word' id='word_1_151' title='bbox 478 2541 572 2607; x_wconf 80' lang='grc' dir='ltr'>ἔπειτ’</span> <span class='ocrx_word' id='word_1_152' title='bbox 588 2542 652 2606; x_wconf 88' lang='grc' dir='ltr'>ἀπὸ</span> <span class='ocrx_word' id='word_1_153' title='bbox 676 2545 796 2620; x_wconf 85' lang='grc' dir='ltr'>ταρροῦ</span> <span class='ocrx_word' id='word_1_154' title='bbox 820 2544 897 2622; x_wconf 86' lang='grc' dir='ltr'>τοὺς</span> <span class='ocrx_word' id='word_1_155' title='bbox 922 2545 1017 2621; x_wconf 89' lang='grc' dir='ltr'>θεοὺς</span> <span class='ocrx_word' id='word_1_156' title='bbox 1052 2544 1278 2623; x_wconf 85' lang='grc' dir='ltr'>ὑπερφρονεῖς,</span> <span class='ocrx_word' id='word_1_157' title='bbox 1315 2540 1383 2609; x_wconf 83' lang='grc' dir='ltr'>ἀλλ’</span> <span class='ocrx_word' id='word_1_158' title='bbox 1416 2545 1476 2608; x_wconf 86' lang='grc' dir='ltr'>οὐκ</span> <span class='ocrx_word' id='word_1_159' title='bbox 1500 2545 1570 2611; x_wconf 67' lang='lat' dir='ltr'>oso</span> 
     </span>
     <span class='ocr_line' id='line_1_21' title="bbox 278 2648 1563 2733; baseline 0.001 -18"><span class='ocrx_word' id='word_1_160' title='bbox 278 2655 335 2729; x_wconf 88' lang='grc' dir='ltr'>τῆς</span> <span class='ocrx_word' id='word_1_161' title='bbox 370 2653 439 2728; x_wconf 86' lang='grc' dir='ltr'>γῆς,</span> <span class='ocrx_word' id='word_1_162' title='bbox 476 2649 576 2727; x_wconf 85' lang='grc' dir='ltr'>εἴπερ;</span> <span class='ocrx_word' id='word_1_163' title='bbox 612 2649 668 2712; x_wconf 89' lang='lat' dir='ltr'>ubi</span> <span class='ocrx_word' id='word_1_164' title='bbox 702 2648 957 2732; x_wconf 85' lang='lat' dir='ltr'>intellegendum</span> <span class='ocrx_word' id='word_1_165' title='bbox 993 2669 1062 2714; x_wconf 87' lang='lat' dir='ltr'>esse</span> <span class='ocrx_word' id='word_1_166' title='bbox 1097 2650 1227 2715; x_wconf 87' lang='lat' dir='ltr'>videtur</span> <span class='ocrx_word' id='word_1_167' title='bbox 1262 2654 1479 2733; x_wconf 87' lang='grc' dir='ltr'>ὑπερφρονεῖν</span> <span class='ocrx_word' id='word_1_168' title='bbox 1502 2654 1563 2732; x_wconf 76' lang='grc' dir='ltr'>χρὴ</span> 
     </span>
     <span class='ocr_line' id='line_1_22' title="bbox 279 2753 1109 2841; baseline -0.004 -20"><span class='ocrx_word' id='word_1_169' title='bbox 279 2756 355 2841; x_wconf 85' lang='grc' dir='ltr'>(δεῖ)</span> <span class='ocrx_word' id='word_1_170' title='bbox 379 2757 456 2834; x_wconf 86' lang='grc' dir='ltr'>τοὺς</span> <span class='ocrx_word' id='word_1_171' title='bbox 480 2755 586 2834; x_wconf 81' lang='grc' dir='ltr'>θεούς.</span> <span class='ocrx_word' id='word_1_172' title='bbox 613 2753 661 2819; x_wconf 78' lang='lat' dir='ltr'>ds.</span> <span class='ocrx_word' id='word_1_173' title='bbox 686 2755 806 2839; x_wconf 82' lang='lat' dir='ltr'>Krueg.</span> <span class='ocrx_word' id='word_1_174' title='bbox 841 2754 896 2821; x_wconf 85' lang='lat' dir='ltr'>Gr.</span> <span class='ocrx_word' id='word_1_175' title='bbox 923 2758 975 2836; x_wconf 89' lang='grc'>65,</span> <span class='ocrx_word' id='word_1_176' title='bbox 1002 2759 1031 2834; x_wconf 91' lang='grc'>5,</span> <span class='ocrx_word' id='word_1_177' title='bbox 1059 2761 1109 2819; x_wconf 94' lang='grc'>11.</span> 
     </span>
    </p>

    <p class='ocr_par' dir='ltr' id='par_1_11' title="bbox 322 2855 969 2944">
     <span class='ocr_line' id='line_1_23' title="bbox 322 2855 969 2944; baseline 0.002 -18"><span class='ocrx_word' id='word_1_178' title='bbox 322 2867 353 2926; x_wconf 90' lang='grc'>4.</span> <span class='ocrx_word' id='word_1_179' title='bbox 379 2859 457 2928; x_wconf 82' lang='grc' dir='ltr'>Οὐδ’</span> <span class='ocrx_word' id='word_1_180' title='bbox 483 2862 509 2926; x_wconf 82' lang='grc' dir='ltr'>εἰ</span> <span class='ocrx_word' id='word_1_181' title='bbox 532 2862 622 2925; x_wconf 85' lang='lat' dir='ltr'>valet</span> <span class='ocrx_word' id='word_1_182' title='bbox 648 2855 909 2944; x_wconf 81' lang='lat' dir='ltr'>„ne-quidem“</span> <span class='ocrx_word' id='word_1_183' title='bbox 935 2866 969 2927; x_wconf 91' lang='lat' dir='ltr'>in</span> 
     </span>
    </p>

    <p class='ocr_par' dir='ltr' id='par_1_12' title="bbox 321 2969 1325 3056">
     <span class='ocr_line' id='line_1_24' title="bbox 321 2969 1325 3056; baseline 0.001 -24"><span class='ocrx_word' id='word_1_184' title='bbox 321 2971 362 3034; x_wconf 93' lang='lat' dir='ltr'>V.</span> <span class='ocrx_word' id='word_1_185' title='bbox 388 2971 452 3033; x_wconf 89' lang='grc'>352</span> <span class='ocrx_word' id='word_1_186' title='bbox 478 2969 559 3053; x_wconf 85' lang='lat' dir='ltr'>(an.)</span> <span class='ocrx_word' id='word_1_187' title='bbox 585 2969 646 3034; x_wconf 84' lang='grc' dir='ltr'>οὐκ</span> <span class='ocrx_word' id='word_1_188' title='bbox 669 2970 756 3035; x_wconf 85' lang='grc' dir='ltr'>ἔστιν</span> <span class='ocrx_word' id='word_1_189' title='bbox 778 2970 864 3050; x_wconf 83' lang='grc' dir='ltr'>ὀπῆς</span> <span class='ocrx_word' id='word_1_190' title='bbox 887 2971 959 3035; x_wconf 80' lang='grc' dir='ltr'>οὐδ’</span> <span class='ocrx_word' id='word_1_191' title='bbox 982 2971 1007 3035; x_wconf 88' lang='grc' dir='ltr'>εἰ</span> <span class='ocrx_word' id='word_1_192' title='bbox 1031 2972 1147 3056; x_wconf 84' lang='grc' dir='ltr'>σέρφῳ</span> <span class='ocrx_word' id='word_1_193' title='bbox 1171 2973 1325 3036; x_wconf 81' lang='grc' dir='ltr'>διαδῦναι.</span> 
     </span>
    </p>

    <p class='ocr_par' dir='ltr' id='par_1_13' title="bbox 321 3077 1240 3161">
     <span class='ocr_line' id='line_1_25' title="bbox 321 3077 1240 3161; baseline 0 -21"><span class='ocrx_word' id='word_1_194' title='bbox 321 3078 414 3141; x_wconf 86' lang='lat' dir='ltr'><strong>Idem</strong></span> <span class='ocrx_word' id='word_1_195' title='bbox 438 3098 459 3140; x_wconf 88' lang='lat' dir='ltr'>a</span> <span class='ocrx_word' id='word_1_196' title='bbox 481 3077 654 3142; x_wconf 88' lang='lat' dir='ltr'>Meinekeo</span> <span class='ocrx_word' id='word_1_197' title='bbox 680 3077 720 3142; x_wconf 89' lang='lat' dir='ltr'>de</span> <span class='ocrx_word' id='word_1_198' title='bbox 745 3080 932 3142; x_wconf 86' lang='lat' dir='ltr'>coniectura</span> <span class='ocrx_word' id='word_1_199' title='bbox 955 3080 1110 3161; x_wconf 84' lang='lat' dir='ltr'>scriptum</span> <span class='ocrx_word' id='word_1_200' title='bbox 1136 3080 1240 3142; x_wconf 86' lang='lat' dir='ltr'>estin</span> 
     </span>
    </p>

    <p class='ocr_par' dir='ltr' id='par_1_14' title="bbox 321 3182 1569 3268">
     <span class='ocr_line' id='line_1_26' title="bbox 321 3182 1569 3268; baseline 0.004 -23"><span class='ocrx_word' id='word_1_201' title='bbox 321 3185 371 3249; x_wconf 67' lang='lat' dir='ltr'>V.</span> <span class='ocrx_word' id='word_1_202' title='bbox 390 3182 475 3246; x_wconf 88' lang='grc'>1223</span> <span class='ocrx_word' id='word_1_203' title='bbox 501 3185 547 3261; x_wconf 85' lang='grc' dir='ltr'>ὡς</span> <span class='ocrx_word' id='word_1_204' title='bbox 569 3183 639 3247; x_wconf 89' lang='grc' dir='ltr'>οὐδ’</span> <span class='ocrx_word' id='word_1_205' title='bbox 665 3185 691 3248; x_wconf 89' lang='grc' dir='ltr'>εἰ</span> <span class='ocrx_word' id='word_1_206' title='bbox 713 3185 877 3263; x_wconf 87' lang='grc' dir='ltr'>Διακρίων</span> <span class='ocrx_word' id='word_1_207' title='bbox 902 3187 1021 3251; x_wconf 81' lang='grc' dir='ltr'>δέξεται</span> <span class='ocrx_word' id='word_1_208' title='bbox 1044 3204 1104 3268; x_wconf 88' lang='lat' dir='ltr'>pro</span> <span class='ocrx_word' id='word_1_209' title='bbox 1130 3187 1176 3263; x_wconf 84' lang='grc' dir='ltr'>ιὺς</span> <span class='ocrx_word' id='word_1_210' title='bbox 1201 3184 1307 3262; x_wconf 83' lang='grc' dir='ltr'>οὐδείς</span> <span class='ocrx_word' id='word_1_211' title='bbox 1339 3205 1375 3259; x_wconf 85' lang='grc' dir='ltr'>γε</span> <span class='ocrx_word' id='word_1_212' title='bbox 1399 3184 1569 3261; x_wconf 85' lang='grc' dir='ltr'>Διακρίων·</span> 
     </span>
    </p>
   </div>
   <div class='ocr_carea' id='block_1_3' title="bbox 277 3277 1707 3374">
    <p class='ocr_par' dir='ltr' id='par_1_15' title="bbox 277 3277 1707 3374">
     <span class='ocr_line' id='line_1_27' title="bbox 277 3277 1707 3374; baseline 0.002 -24"><span class='ocrx_word' id='word_1_213' title='bbox 277 3289 346 3372; x_wconf 90' lang='lat' dir='ltr'>(vel</span> <span class='ocrx_word' id='word_1_214' title='bbox 384 3291 549 3368; x_wconf 86' lang='grc' dir='ltr'>διακριιῖιν)</span> <span class='ocrx_word' id='word_1_215' title='bbox 585 3291 753 3366; x_wconf 85' lang='grc' dir='ltr'>δεδέξεται,</span> <span class='ocrx_word' id='word_1_216' title='bbox 789 3289 877 3371; x_wconf 88' lang='lat' dir='ltr'>quod</span> <span class='ocrx_word' id='word_1_217' title='bbox 910 3290 944 3352; x_wconf 90' lang='lat' dir='ltr'>in</span> <span class='ocrx_word' id='word_1_218' title='bbox 984 3291 1149 3354; x_wconf 75' lang='lat' dir='ltr'>codicibus</span> <span class='ocrx_word' id='word_1_219' title='bbox 1175 3295 1289 3367; x_wconf 85' lang='lat' dir='ltr'>exstat,</span> <span class='ocrx_word' id='word_1_220' title='bbox 1315 3289 1402 3353; x_wconf 91' lang='lat' dir='ltr'>unde</span> <span class='ocrx_word' id='word_1_221' title='bbox 1425 3289 1570 3374; x_wconf 83' lang='lat' dir='ltr'>vulgata</span> <span class='ocrx_word' id='word_1_222' title='bbox 1699 3277 1707 3298; x_wconf 81' lang='grc'><strong>”</strong></span> 
     </span>
    </p>
   </div>
   <div class='ocr_carea' id='block_1_4' title="bbox 274 3393 1574 4658">
    <p class='ocr_par' dir='ltr' id='par_1_16' title="bbox 275 3393 1565 3589">
     <span class='ocr_line' id='line_1_28' title="bbox 275 3393 1565 3479; baseline 0.002 -20"><span class='ocrx_word' id='word_1_223' title='bbox 275 3397 388 3459; x_wconf 87' lang='lat' dir='ltr'>lectio</span> <span class='ocrx_word' id='word_1_224' title='bbox 385 3396 545 3479; x_wconf 84' lang='lat' dir='ltr'>profecta</span> <span class='ocrx_word' id='word_1_225' title='bbox 569 3401 626 3460; x_wconf 87' lang='lat' dir='ltr'>est:</span> <span class='ocrx_word' id='word_1_226' title='bbox 651 3397 697 3474; x_wconf 86' lang='grc' dir='ltr'>ιὺς</span> <span class='ocrx_word' id='word_1_227' title='bbox 721 3398 828 3474; x_wconf 81' lang='grc' dir='ltr'>οὐδεὶς</span> <span class='ocrx_word' id='word_1_228' title='bbox 850 3399 891 3460; x_wconf 93' lang='grc' dir='ltr'>Δ.</span> <span class='ocrx_word' id='word_1_229' title='bbox 916 3393 1057 3463; x_wconf 84' lang='grc' dir='ltr'>δέξεται.</span> <span class='ocrx_word' id='word_1_230' title='bbox 1070 3398 1235 3461; x_wconf 87' lang='lat' dir='ltr'>Meinekei</span> <span class='ocrx_word' id='word_1_231' title='bbox 1259 3398 1370 3460; x_wconf 91' lang='lat' dir='ltr'>coniec</span> <span class='ocrx_word' id='word_1_232' title='bbox 1373 3402 1454 3461; x_wconf 87' lang='lat' dir='ltr'>tu.ra</span> <span class='ocrx_word' id='word_1_233' title='bbox 1472 3399 1565 3461; x_wconf 87' lang='lat' dir='ltr'>ouius</span> 
     </span>
     <span class='ocr_line' id='line_1_29' title="bbox 276 3503 1565 3589; baseline 0.001 -23"><span class='ocrx_word' id='word_1_234' title='bbox 276 3522 405 3569; x_wconf 90' lang='lat' dir='ltr'>sensum</span> <span class='ocrx_word' id='word_1_235' title='bbox 429 3504 516 3566; x_wconf 91' lang='lat' dir='ltr'>huno</span> <span class='ocrx_word' id='word_1_236' title='bbox 541 3523 609 3568; x_wconf 88' lang='lat' dir='ltr'>esse</span> <span class='ocrx_word' id='word_1_237' title='bbox 632 3503 739 3567; x_wconf 89' lang='lat' dir='ltr'>voluit</span> <span class='ocrx_word' id='word_1_238' title='bbox 727 3503 875 3587; x_wconf 67' lang='lat' dir='ltr'>tsVind.</span> <span class='ocrx_word' id='word_1_239' title='bbox 900 3524 932 3587; x_wconf 89' lang='lat' dir='ltr'>p.</span> <span class='ocrx_word' id='word_1_240' title='bbox 958 3504 1068 3589; x_wconf 82' lang='lat'><strong>33):,‚</strong></span> <span class='ocrx_word' id='word_1_241' title='bbox 1073 3511 1142 3568; x_wconf 83' lang='lat' dir='ltr'>tam</span> <span class='ocrx_word' id='word_1_242' title='bbox 1167 3507 1247 3568; x_wconf 87' lang='lat' dir='ltr'>scite</span> <span class='ocrx_word' id='word_1_243' title='bbox 1272 3506 1433 3586; x_wconf 84' lang='lat' dir='ltr'>excipiam</span> <span class='ocrx_word' id='word_1_244' title='bbox 1450 3505 1565 3583; x_wconf 63' lang='lat' dir='ltr'>seclia.</span> 
     </span>
    </p>

    <p class='ocr_par' dir='ltr' id='par_1_17' title="bbox 274 3609 1574 4658">
     <span class='ocr_line' id='line_1_30' title="bbox 300 3609 1562 3694; baseline 0 -20"><span class='ocrx_word' id='word_1_245' title='bbox 300 3618 389 3674; x_wconf 90' lang='lat' dir='ltr'>tne</span> <span class='ocrx_word' id='word_1_246' title='bbox 422 3610 556 3674; x_wconf 84' lang='lat' dir='ltr'>Diacrio</span> <span class='ocrx_word' id='word_1_247' title='bbox 595 3609 768 3693; x_wconf 75' lang='lat' dir='ltr'>[quideml]</span> <span class='ocrx_word' id='word_1_248' title='bbox 803 3613 907 3694; x_wconf 83' lang='lat' dir='ltr'>possit</span> <span class='ocrx_word' id='word_1_249' title='bbox 942 3614 1085 3690; x_wconf 50' lang='lat' dir='ltr'>scitius‘ss</span> <span class='ocrx_word' id='word_1_250' title='bbox 1109 3631 1227 3676; x_wconf 85' lang='lat' dir='ltr'>vereor</span> <span class='ocrx_word' id='word_1_251' title='bbox 1249 3632 1290 3676; x_wconf 89' lang='lat' dir='ltr'>ne</span> <span class='ocrx_word' id='word_1_252' title='bbox 1314 3613 1356 3674; x_wconf 90' lang='lat' dir='ltr'>sit</span> <span class='ocrx_word' id='word_1_253' title='bbox 1343 3611 1470 3674; x_wconf 80' lang='lat' dir='ltr'>tzfalsa</span> <span class='ocrx_word' id='word_1_254' title='bbox 1497 3612 1562 3675; x_wconf 88' lang='lat' dir='ltr'>alia</span> 
     </span>
     <span class='ocr_line' id='line_1_31' title="bbox 276 3719 1560 3810; baseline -0.002 -26"><span class='ocrx_word' id='word_1_255' title='bbox 276 3719 363 3784; x_wconf 89' lang='lat' dir='ltr'>enim</span> <span class='ocrx_word' id='word_1_256' title='bbox 387 3726 435 3781; x_wconf 89' lang='lat' dir='ltr'>est</span> <span class='ocrx_word' id='word_1_257' title='bbox 457 3719 540 3781; x_wconf 88' lang='lat' dir='ltr'>ratio</span> <span class='ocrx_word' id='word_1_258' title='bbox 565 3738 677 3782; x_wconf 88' lang='lat' dir='ltr'>versus</span> <span class='ocrx_word' id='word_1_259' title='bbox 703 3720 777 3795; x_wconf 85' lang='lat'>352,</span> <span class='ocrx_word' id='word_1_260' title='bbox 803 3737 900 3801; x_wconf 88' lang='lat' dir='ltr'>quem</span> <span class='ocrx_word' id='word_1_261' title='bbox 924 3720 1015 3810; x_wconf 84' lang='lat' dir='ltr'>citat,</span> <span class='ocrx_word' id='word_1_262' title='bbox 1039 3720 1104 3782; x_wconf 87' lang='lat' dir='ltr'>alia</span> <span class='ocrx_word' id='word_1_263' title='bbox 1126 3721 1232 3781; x_wconf 90' lang='lat' dir='ltr'>huius:</span> <span class='ocrx_word' id='word_1_264' title='bbox 1257 3720 1303 3782; x_wconf 90' lang='lat' dir='ltr'>ibi</span> <span class='ocrx_word' id='word_1_265' title='bbox 1327 3720 1414 3782; x_wconf 86' lang='lat' dir='ltr'>enim</span> <span class='ocrx_word' id='word_1_266' title='bbox 1428 3721 1560 3802; x_wconf 83' lang='lat' dir='ltr'>negatio</span> 
     </span>
     <span class='ocr_line' id='line_1_32' title="bbox 274 3821 1560 3909; baseline 0 -20"><span class='ocrx_word' id='word_1_267' title='bbox 274 3824 454 3909; x_wconf 86' lang='lat' dir='ltr'>praecedit,</span> <span class='ocrx_word' id='word_1_268' title='bbox 478 3825 622 3888; x_wconf 88' lang='lat' dir='ltr'>hicnon</span> <span class='ocrx_word' id='word_1_269' title='bbox 660 3826 749 3888; x_wconf 89' lang='lat' dir='ltr'>item.</span> <span class='ocrx_word' id='word_1_270' title='bbox 790 3821 998 3906; x_wconf 85' lang='lat' dir='ltr'>Omninoque</span> <span class='ocrx_word' id='word_1_271' title='bbox 1036 3825 1158 3889; x_wconf 88' lang='lat' dir='ltr'>locutio</span> <span class='ocrx_word' id='word_1_272' title='bbox 1198 3846 1275 3888; x_wconf 84' lang='lat' dir='ltr'>rara</span> <span class='ocrx_word' id='word_1_273' title='bbox 1312 3845 1381 3889; x_wconf 86' lang='lat' dir='ltr'>esse</span> <span class='ocrx_word' id='word_1_274' title='bbox 1419 3826 1560 3889; x_wconf 87' lang='lat' dir='ltr'>videtur.</span> 
     </span>
     <span class='ocr_line' id='line_1_33' title="bbox 274 3932 1559 4016; baseline 0.002 -22"><span class='ocrx_word' id='word_1_275' title='bbox 274 3933 421 4016; x_wconf 80' lang='lat' dir='ltr'>Vulgata</span> <span class='ocrx_word' id='word_1_276' title='bbox 460 3937 570 3998; x_wconf 84' lang='lat' dir='ltr'>autem</span> <span class='ocrx_word' id='word_1_277' title='bbox 603 3933 702 3998; x_wconf 88' lang='lat' dir='ltr'>lectio</span> <span class='ocrx_word' id='word_1_278' title='bbox 727 3952 796 3996; x_wconf 85' lang='lat' dir='ltr'>cur</span> <span class='ocrx_word' id='word_1_279' title='bbox 829 3933 907 3998; x_wconf 81' lang='lat' dir='ltr'>ferri</span> <span class='ocrx_word' id='word_1_280' title='bbox 942 3953 1008 3998; x_wconf 87' lang='lat' dir='ltr'>non</span> <span class='ocrx_word' id='word_1_281' title='bbox 1047 3934 1161 4014; x_wconf 86' lang='lat' dir='ltr'>possit,</span> <span class='ocrx_word' id='word_1_282' title='bbox 1198 3932 1352 4014; x_wconf 85' lang='lat' dir='ltr'>equidem</span> <span class='ocrx_word' id='word_1_283' title='bbox 1374 3952 1440 3997; x_wconf 91' lang='lat' dir='ltr'>non</span> <span class='ocrx_word' id='word_1_284' title='bbox 1463 3932 1559 3996; x_wconf 84' lang='lat' dir='ltr'>video</span> 
     </span>
     <span class='ocr_line' id='line_1_34' title="bbox 278 4038 1562 4132; baseline 0 -30"><span class='ocrx_word' id='word_1_285' title='bbox 278 4040 353 4124; x_wconf 81' lang='lat' dir='ltr'>(nisi</span> <span class='ocrx_word' id='word_1_286' title='bbox 377 4038 465 4121; x_wconf 88' lang='lat' dir='ltr'>quod</span> <span class='ocrx_word' id='word_1_287' title='bbox 489 4040 610 4120; x_wconf 82' lang='grc' dir='ltr'>δέξεται</span> <span class='ocrx_word' id='word_1_288' title='bbox 645 4039 768 4120; x_wconf 86' lang='lat' dir='ltr'>aliquid</span> <span class='ocrx_word' id='word_1_289' title='bbox 798 4041 988 4132; x_wconf 83' lang='lat' dir='ltr'>suspicionis</span> <span class='ocrx_word' id='word_1_290' title='bbox 1010 4045 1132 4104; x_wconf 84' lang='lat' dir='ltr'>movet:</span> <span class='ocrx_word' id='word_1_291' title='bbox 1157 4040 1240 4104; x_wconf 88' lang='lat' dir='ltr'>solet</span> <span class='ocrx_word' id='word_1_292' title='bbox 1263 4041 1349 4104; x_wconf 89' lang='lat' dir='ltr'>enim</span> <span class='ocrx_word' id='word_1_293' title='bbox 1372 4039 1431 4102; x_wconf 85' lang='grc' dir='ltr'>Αι.</span> <span class='ocrx_word' id='word_1_294' title='bbox 1455 4041 1488 4106; x_wconf 88' lang='lat' dir='ltr'>in</span> <span class='ocrx_word' id='word_1_295' title='bbox 1512 4044 1562 4102; x_wconf 89' lang='lat' dir='ltr'>ta-</span> 
     </span>
     <span class='ocr_line' id='line_1_35' title="bbox 275 4145 1560 4231; baseline 0.001 -22"><span class='ocrx_word' id='word_1_296' title='bbox 275 4148 360 4211; x_wconf 86' lang='lat' dir='ltr'>libus</span> <span class='ocrx_word' id='word_1_297' title='bbox 395 4145 621 4229; x_wconf 86' lang='lat' dir='ltr'>praedicatum</span> <span class='ocrx_word' id='word_1_298' title='bbox 657 4148 833 4231; x_wconf 86' lang='lat' dir='ltr'>omittere).</span> <span class='ocrx_word' id='word_1_299' title='bbox 869 4145 1022 4214; x_wconf 79' lang='lat' dir='ltr'>Ceterum</span> <span class='ocrx_word' id='word_1_300' title='bbox 1057 4148 1086 4210; x_wconf 85' lang='lat' dir='ltr'>oi</span> <span class='ocrx_word' id='word_1_301' title='bbox 1121 4165 1219 4228; x_wconf 87' lang='lat' dir='ltr'>quem</span> <span class='ocrx_word' id='word_1_302' title='bbox 1254 4146 1305 4229; x_wconf 89' lang='lat' dir='ltr'>(ut</span> <span class='ocrx_word' id='word_1_303' title='bbox 1327 4147 1560 4229; x_wconf 81' lang='lat' dir='ltr'>Bombergium</span> 
     </span>
     <span class='ocr_line' id='line_1_36' title="bbox 278 4253 1563 4338; baseline 0 -22"><span class='ocrx_word' id='word_1_304' title='bbox 278 4256 363 4318; x_wconf 86' lang='grc'><strong>1865</strong></span> <span class='ocrx_word' id='word_1_305' title='bbox 387 4274 420 4338; x_wconf 92' lang='lat' dir='ltr'>p.</span> <span class='ocrx_word' id='word_1_306' title='bbox 446 4254 502 4338; x_wconf 91' lang='grc'>22)</span> <span class='ocrx_word' id='word_1_307' title='bbox 528 4255 673 4334; x_wconf 85' lang='lat' dir='ltr'>offendit,</span> <span class='ocrx_word' id='word_1_308' title='bbox 698 4255 787 4335; x_wconf 91' lang='lat' dir='ltr'>quod</span> <span class='ocrx_word' id='word_1_309' title='bbox 809 4257 844 4318; x_wconf 88' lang='lat' dir='ltr'>in</span> <span class='ocrx_word' id='word_1_310' title='bbox 866 4255 1003 4337; x_wconf 85' lang='lat' dir='ltr'>vulgata</span> <span class='ocrx_word' id='word_1_311' title='bbox 1025 4254 1166 4318; x_wconf 88' lang='lat' dir='ltr'>lectione</span> <span class='ocrx_word' id='word_1_312' title='bbox 1200 4255 1236 4329; x_wconf 87' lang='grc' dir='ltr'>γε’</span> <span class='ocrx_word' id='word_1_313' title='bbox 1258 4253 1423 4335; x_wconf 81' lang='lat' dir='ltr'>pautieula</span> <span class='ocrx_word' id='word_1_314' title='bbox 1447 4258 1563 4318; x_wconf 85' lang='lat' dir='ltr'>eontra</span> 
     </span>
     <span class='ocr_line' id='line_1_37' title="bbox 275 4358 1559 4444; baseline 0.002 -23"><span class='ocrx_word' id='word_1_315' title='bbox 275 4360 377 4424; x_wconf 91' lang='lat' dir='ltr'>libros</span> <span class='ocrx_word' id='word_1_316' title='bbox 413 4363 531 4425; x_wconf 91' lang='lat' dir='ltr'>omissa</span> <span class='ocrx_word' id='word_1_317' title='bbox 566 4367 624 4440; x_wconf 86' lang='lat' dir='ltr'>est,</span> <span class='ocrx_word' id='word_1_318' title='bbox 659 4363 762 4444; x_wconf 86' lang='lat' dir='ltr'>possis</span> <span class='ocrx_word' id='word_1_319' title='bbox 795 4360 960 4444; x_wconf 86' lang='lat' dir='ltr'>particula</span> <span class='ocrx_word' id='word_1_320' title='bbox 980 4361 1189 4443; x_wconf 77' lang='lat' dir='ltr'>transposita</span> <span class='ocrx_word' id='word_1_321' title='bbox 1211 4361 1259 4422; x_wconf 84' lang='lat' dir='ltr'>ita</span> <span class='ocrx_word' id='word_1_322' title='bbox 1281 4360 1434 4424; x_wconf 85' lang='lat' dir='ltr'>scribere:</span> <span class='ocrx_word' id='word_1_323' title='bbox 1460 4360 1507 4437; x_wconf 84' lang='grc' dir='ltr'>ὥς</span> <span class='ocrx_word' id='word_1_324' title='bbox 1529 4358 1559 4435; x_wconf 87' lang='grc' dir='ltr'>γ’</span> 
     </span>
     <span class='ocr_line' id='line_1_38' title="bbox 275 4465 1574 4551; baseline -0.005 -21"><span class='ocrx_word' id='word_1_325' title='bbox 275 4467 384 4546; x_wconf 87' lang='grc' dir='ltr'>οὐδεὶς</span> <span class='ocrx_word' id='word_1_326' title='bbox 418 4469 460 4532; x_wconf 91' lang='grc' dir='ltr'>Δ.</span> <span class='ocrx_word' id='word_1_327' title='bbox 497 4471 627 4549; x_wconf 83' lang='grc' dir='ltr'>δέξεται,</span> <span class='ocrx_word' id='word_1_328' title='bbox 667 4488 767 4551; x_wconf 85' lang='lat' dir='ltr'>quam</span> <span class='ocrx_word' id='word_1_329' title='bbox 801 4471 1049 4534; x_wconf 84' lang='lat' dir='ltr'>collocationem</span> <span class='ocrx_word' id='word_1_330' title='bbox 1084 4468 1184 4534; x_wconf 90' lang='lat' dir='ltr'>semel</span> <span class='ocrx_word' id='word_1_331' title='bbox 1219 4467 1307 4549; x_wconf 90' lang='lat' dir='ltr'>apud</span> <span class='ocrx_word' id='word_1_332' title='bbox 1337 4466 1395 4530; x_wconf 83' lang='lat' dir='ltr'>Ar.</span> <span class='ocrx_word' id='word_1_333' title='bbox 1435 4465 1504 4530; x_wconf 79' lang='lat' dir='ltr'>vidi</span> <span class='ocrx_word' id='word_1_334' title='bbox 1526 4467 1574 4528; x_wconf 70' lang='lat' dir='ltr'>in=</span> 
     </span>
     <span class='ocr_line' id='line_1_39' title="bbox 274 4572 1564 4658; baseline 0.002 -23"><span class='ocrx_word' id='word_1_335' title='bbox 274 4574 333 4636; x_wconf 85' lang='lat' dir='ltr'>Ec.</span> <span class='ocrx_word' id='word_1_336' title='bbox 361 4576 446 4636; x_wconf 90' lang='lat'>1130</span> <span class='ocrx_word' id='word_1_337' title='bbox 471 4576 517 4654; x_wconf 89' lang='grc' dir='ltr'>ὥς</span> <span class='ocrx_word' id='word_1_338' title='bbox 541 4572 570 4652; x_wconf 89' lang='grc' dir='ltr'>γ’</span> <span class='ocrx_word' id='word_1_339' title='bbox 596 4578 704 4656; x_wconf 87' lang='grc' dir='ltr'>οὐδεὶς</span> <span class='ocrx_word' id='word_1_340' title='bbox 731 4577 823 4656; x_wconf 89' lang='grc' dir='ltr'>ἀνήρ;</span> <span class='ocrx_word' id='word_1_341' title='bbox 848 4578 916 4642; x_wconf 83' lang='lat' dir='ltr'>sine</span> <span class='ocrx_word' id='word_1_342' title='bbox 934 4579 971 4652; x_wconf 80' lang='grc' dir='ltr'>γέ</span> <span class='ocrx_word' id='word_1_343' title='bbox 994 4577 1113 4658; x_wconf 79' lang='lat' dir='ltr'>legitur</span> <span class='ocrx_word' id='word_1_344' title='bbox 1136 4577 1182 4652; x_wconf 87' lang='grc' dir='ltr'>ὑις</span> <span class='ocrx_word' id='word_1_345' title='bbox 1206 4573 1312 4652; x_wconf 86' lang='grc' dir='ltr'>οὐδεὶς</span> <span class='ocrx_word' id='word_1_346' title='bbox 1336 4573 1446 4658; x_wconf 83' lang='grc' dir='ltr'>(ἀνήρ)</span> <span class='ocrx_word' id='word_1_347' title='bbox 1465 4575 1564 4655; x_wconf 83' lang='lat' dir='ltr'>quin·-</span> 
     </span>
    </p>
   </div>
   <div class='ocr_carea' id='block_1_5' title="bbox 0 0 1738 5390">
    <p class='ocr_par' dir='ltr' id='par_1_18' title="bbox 0 0 1738 5390">
     <span class='ocr_line' id='line_1_40' title="bbox 0 0 1738 5390; baseline 0 1"><span class='ocrx_word' id='word_1_348' title='bbox 0 0 1738 5390; x_wconf 95' lang='lat' dir='ltr'> </span> 
     </span>
    </p>
   </div>
  </div>
 </body>
</html>
