<?xml version="1.0" encoding="UTF-8"?>
<!DOCTYPE html PUBLIC "-//W3C//DTD XHTML 1.0 Transitional//EN"
    "http://www.w3.org/TR/xhtml1/DTD/xhtml1-transitional.dtd">
<html xmlns="http://www.w3.org/1999/xhtml" xml:lang="en" lang="en">
 <head>
  <title>
</title>
<meta http-equiv="Content-Type" content="text/html;charset=utf-8" />
  <meta name='ocr-system' content='tesseract 3.04.00' />
  <meta name='ocr-capabilities' content='ocr_page ocr_carea ocr_par ocr_line ocrx_word'/>
</head>
<body>
  <div class='ocr_page' id='page_1' title='image "./syntaxisaristop00sobogoog_0104.png"; bbox 0 0 3468 5390; ppageno 0'>
   <div class='ocr_carea' id='block_1_1' title="bbox 708 416 886 478">
    <p class='ocr_par' dir='ltr' id='par_1_1' title="bbox 708 416 886 478">
     <span class='ocr_line' id='line_1_1' title="bbox 708 416 886 478; baseline -0.011 -16"><span class='ocrx_word' id='word_1_1' title='bbox 708 416 886 478; x_wconf 73' lang='lat'>...39-</span> 
     </span>
    </p>
   </div>
   <div class='ocr_carea' id='block_1_2' title="bbox 571 669 1020 765">
    <p class='ocr_par' dir='ltr' id='par_1_2' title="bbox 571 669 1020 765">
     <span class='ocr_line' id='line_1_2' title="bbox 571 669 1020 765; baseline 0 -23"><span class='ocrx_word' id='word_1_2' title='bbox 571 669 610 742; x_wconf 85' lang='lat' dir='ltr'><strong>D.</strong></span> <span class='ocrx_word' id='word_1_3' title='bbox 639 671 862 765; x_wconf 82' lang='lat' dir='ltr'><strong>Condiciones</strong></span> <span class='ocrx_word' id='word_1_4' title='bbox 885 672 1020 763; x_wconf 79' lang='lat' dir='ltr'><strong>topicae.</strong></span> 
     </span>
    </p>
   </div>
   <div class='ocr_carea' id='block_1_3' title="bbox 147 847 1442 2531">
    <p class='ocr_par' dir='ltr' id='par_1_3' title="bbox 147 847 1438 1251">
     <span class='ocr_line' id='line_1_3' title="bbox 195 847 1437 932; baseline 0.001 -20"><span class='ocrx_word' id='word_1_5' title='bbox 195 847 288 914; x_wconf 83' lang='lat' dir='ltr'><strong>Haec</strong></span> <span class='ocrx_word' id='word_1_6' title='bbox 321 849 524 912; x_wconf 87' lang='lat' dir='ltr'><strong>condicionis</strong></span> <span class='ocrx_word' id='word_1_7' title='bbox 556 849 661 910; x_wconf 87' lang='lat' dir='ltr'><strong>forma</strong></span> <span class='ocrx_word' id='word_1_8' title='bbox 684 854 753 911; x_wconf 91' lang='lat' dir='ltr'><strong>tum</strong></span> <span class='ocrx_word' id='word_1_9' title='bbox 776 853 960 932; x_wconf 88' lang='lat' dir='ltr'><strong>usurpatur,</strong></span> <span class='ocrx_word' id='word_1_10' title='bbox 998 868 1070 910; x_wconf 91' lang='lat' dir='ltr'><strong>cum</strong></span> <span class='ocrx_word' id='word_1_11' title='bbox 1100 847 1220 929; x_wconf 85' lang='lat' dir='ltr'><strong>aliquis</strong></span> <span class='ocrx_word' id='word_1_12' title='bbox 1243 869 1313 915; x_wconf 92' lang='lat' dir='ltr'><strong>rem</strong></span> <span class='ocrx_word' id='word_1_13' title='bbox 1340 870 1437 928; x_wconf 86' lang='lat' dir='ltr'><strong>,vere</strong></span> 
     </span>
     <span class='ocr_line' id='line_1_4' title="bbox 147 952 1437 1038; baseline 0 -17"><span class='ocrx_word' id='word_1_14' title='bbox 147 975 220 1021; x_wconf 87' lang='lat' dir='ltr'><strong>esse</strong></span> <span class='ocrx_word' id='word_1_15' title='bbox 254 957 309 1020; x_wconf 91' lang='lat' dir='ltr'><strong>vel</strong></span> <span class='ocrx_word' id='word_1_16' title='bbox 346 955 446 1019; x_wconf 85' lang='lat' dir='ltr'><strong>luisse</strong></span> <span class='ocrx_word' id='word_1_17' title='bbox 482 955 536 1018; x_wconf 87' lang='lat' dir='ltr'><strong>vel</strong></span> <span class='ocrx_word' id='word_1_18' title='bbox 558 955 700 1017; x_wconf 83' lang='lat' dir='ltr'><strong>iirtnram</strong></span> <span class='ocrx_word' id='word_1_19' title='bbox 737 973 805 1018; x_wconf 91' lang='lat' dir='ltr'><strong>esse</strong></span> <span class='ocrx_word' id='word_1_20' title='bbox 845 952 953 1034; x_wconf 84' lang='lat' dir='ltr'><strong>sumit,</strong></span> <span class='ocrx_word' id='word_1_21' title='bbox 986 960 1021 1018; x_wconf 92' lang='lat' dir='ltr'><strong>nt</strong></span> <span class='ocrx_word' id='word_1_22' title='bbox 1054 961 1178 1018; x_wconf 89' lang='lat' dir='ltr'><strong>certum</strong></span> <span class='ocrx_word' id='word_1_23' title='bbox 1210 957 1338 1038; x_wconf 89' lang='lat' dir='ltr'><strong>aliquid</strong></span> <span class='ocrx_word' id='word_1_24' title='bbox 1360 957 1437 1021; x_wconf 89' lang='lat' dir='ltr'><strong>inde</strong></span> 
     </span>
     <span class='ocr_line' id='line_1_5' title="bbox 150 1060 1438 1148; baseline 0.002 -22"><span class='ocrx_word' id='word_1_25' title='bbox 150 1063 337 1140; x_wconf 86' lang='lat' dir='ltr'><strong>concludat,</strong></span> <span class='ocrx_word' id='word_1_26' title='bbox 361 1081 466 1143; x_wconf 86' lang='lat' dir='ltr'><strong>neque</strong></span> <span class='ocrx_word' id='word_1_27' title='bbox 491 1079 570 1124; x_wconf 82' lang='lat' dir='ltr'><strong>vero</strong></span> <span class='ocrx_word' id='word_1_28' title='bbox 585 1060 755 1144; x_wconf 85' lang='lat' dir='ltr'><strong>¹iudicium</strong></span> <span class='ocrx_word' id='word_1_29' title='bbox 778 1079 872 1125; x_wconf 75' lang='lat' dir='ltr'><strong>sirum</strong></span> <span class='ocrx_word' id='word_1_30' title='bbox 896 1062 936 1126; x_wconf 92' lang='lat' dir='ltr'><strong>de</strong></span> <span class='ocrx_word' id='word_1_31' title='bbox 959 1063 1098 1126; x_wconf 86' lang='lat' dir='ltr'><strong>veritate</strong></span> <span class='ocrx_word' id='word_1_32' title='bbox 1116 1062 1165 1126; x_wconf 90' lang='lat' dir='ltr'><strong>rei</strong></span> <span class='ocrx_word' id='word_1_33' title='bbox 1179 1063 1309 1146; x_wconf 83' lang='lat' dir='ltr'><strong>prodit“</strong></span> <span class='ocrx_word' id='word_1_34' title='bbox 1330 1063 1438 1148; x_wconf 90' lang='lat' dir='ltr'><strong>(Win-</strong></span> 
     </span>
     <span class='ocr_line' id='line_1_6' title="bbox 152 1167 380 1251; baseline 0.009 -19"><span class='ocrx_word' id='word_1_35' title='bbox 152 1179 211 1233; x_wconf 87' lang='lat' dir='ltr'><strong>ter.</strong></span> <span class='ocrx_word' id='word_1_36' title='bbox 235 1187 268 1250; x_wconf 87' lang='lat' dir='ltr'><strong>p.</strong></span> <span class='ocrx_word' id='word_1_37' title='bbox 295 1167 339 1251; x_wconf 83' lang='lat'><strong>3).</strong></span> <span class='ocrx_word' id='word_1_38' title='bbox 378 1185 380 1192; x_wconf 88' lang='grc'><strong>’</strong></span> 
     </span>
    </p>

    <p class='ocr_par' dir='ltr' id='par_1_4' title="bbox 152 1271 1439 1464">
     <span class='ocr_line' id='line_1_7' title="bbox 200 1271 1439 1360; baseline -0.002 -19"><span class='ocrx_word' id='word_1_39' title='bbox 200 1276 233 1360; x_wconf 89' lang='grc'><strong>1)</strong></span> <span class='ocrx_word' id='word_1_40' title='bbox 257 1277 455 1355; x_wconf 81' lang='lat' dir='ltr'>Plerumque</span> <span class='ocrx_word' id='word_1_41' title='bbox 478 1273 586 1356; x_wconf 84' lang='lat' dir='ltr'><strong>igitur·</strong></span> <span class='ocrx_word' id='word_1_42' title='bbox 612 1275 642 1337; x_wconf 92' lang='lat' dir='ltr'><strong>is</strong></span> <span class='ocrx_word' id='word_1_43' title='bbox 676 1274 733 1355; x_wconf 87' lang='lat' dir='ltr'><strong>qui</strong></span> <span class='ocrx_word' id='word_1_44' title='bbox 751 1274 897 1355; x_wconf 79' lang='lat' dir='ltr'><strong>loquitur</strong></span> <span class='ocrx_word' id='word_1_45' title='bbox 921 1271 960 1337; x_wconf 93' lang='lat' dir='ltr'><strong>de</strong></span> <span class='ocrx_word' id='word_1_46' title='bbox 983 1273 1122 1337; x_wconf 82' lang='lat' dir='ltr'><strong>veritate</strong></span> <span class='ocrx_word' id='word_1_47' title='bbox 1145 1277 1195 1338; x_wconf 86' lang='lat' dir='ltr'><strong>rei</strong></span> <span class='ocrx_word' id='word_1_48' title='bbox 1217 1275 1288 1358; x_wconf 90' lang='lat' dir='ltr'><strong>ipse</strong></span> <span class='ocrx_word' id='word_1_49' title='bbox 1310 1278 1439 1342; x_wconf 88' lang='lat' dir='ltr'><strong>nescius</strong></span> 
     </span>
     <span class='ocr_line' id='line_1_8' title="bbox 152 1379 1125 1464; baseline -0.004 -17"><span class='ocrx_word' id='word_1_50' title='bbox 152 1391 211 1462; x_wconf 86' lang='lat' dir='ltr'><strong>est,</strong></span> <span class='ocrx_word' id='word_1_51' title='bbox 237 1381 294 1464; x_wconf 90' lang='lat' dir='ltr'><strong>qui</strong></span> <span class='ocrx_word' id='word_1_52' title='bbox 319 1387 367 1444; x_wconf 85' lang='lat' dir='ltr'><strong>est</strong></span> <span class='ocrx_word' id='word_1_53' title='bbox 389 1381 555 1463; x_wconf 86' lang='lat' dir='ltr'><strong>legitimus</strong></span> <span class='ocrx_word' id='word_1_54' title='bbox 577 1399 653 1443; x_wconf 91' lang='lat' dir='ltr'><strong>usus</strong></span> <span class='ocrx_word' id='word_1_55' title='bbox 676 1381 739 1444; x_wconf 86' lang='lat' dir='ltr'><strong>hoc</strong></span> <span class='ocrx_word' id='word_1_56' title='bbox 762 1399 863 1464; x_wconf 84' lang='lat' dir='ltr'><strong>genus</strong></span> <span class='ocrx_word' id='word_1_57' title='bbox 888 1379 1125 1443; x_wconf 76' lang='lat' dir='ltr'>condicionum.</span> 
     </span>
    </p>

    <p class='ocr_par' dir='ltr' id='par_1_5' title="bbox 153 1484 1442 2531">
     <span class='ocr_line' id='line_1_9' title="bbox 200 1484 1438 1574; baseline 0.002 -22"><span class='ocrx_word' id='word_1_58' title='bbox 200 1491 233 1574; x_wconf 82' lang='lat'><strong>2)</strong></span> <span class='ocrx_word' id='word_1_59' title='bbox 272 1487 338 1551; x_wconf 86' lang='lat' dir='ltr'><strong>Sed</strong></span> <span class='ocrx_word' id='word_1_60' title='bbox 375 1484 463 1550; x_wconf 83' lang='lat' dir='ltr'><strong>haud</strong></span> <span class='ocrx_word' id='word_1_61' title='bbox 501 1503 575 1549; x_wconf 94' lang='lat' dir='ltr'><strong>raro</strong></span> <span class='ocrx_word' id='word_1_62' title='bbox 601 1485 716 1549; x_wconf 84' lang='lat' dir='ltr'><strong>eadem</strong></span> <span class='ocrx_word' id='word_1_63' title='bbox 739 1487 844 1549; x_wconf 88' lang='lat' dir='ltr'><strong>forma</strong></span> <span class='ocrx_word' id='word_1_64' title='bbox 865 1487 1009 1568; x_wconf 87' lang='lat' dir='ltr'><strong>ponitur,</strong></span> <span class='ocrx_word' id='word_1_65' title='bbox 1035 1505 1108 1550; x_wconf 90' lang='lat' dir='ltr'><strong>cum</strong></span> <span class='ocrx_word' id='word_1_66' title='bbox 1133 1487 1252 1570; x_wconf 90' lang='lat' dir='ltr'><strong>aliquis</strong></span> <span class='ocrx_word' id='word_1_67' title='bbox 1276 1488 1316 1554; x_wconf 93' lang='lat' dir='ltr'><strong>de</strong></span> <span class='ocrx_word' id='word_1_68' title='bbox 1340 1510 1380 1555; x_wconf 91' lang='lat' dir='ltr'><strong>ea</strong></span> <span class='ocrx_word' id='word_1_69' title='bbox 1403 1512 1438 1554; x_wconf 91' lang='lat' dir='ltr'><strong>re</strong></span> 
     </span>
     <span class='ocr_line' id='line_1_10' title="bbox 153 1583 1440 1680; baseline -0.001 -19"><span class='ocrx_word' id='word_1_70' title='bbox 153 1599 313 1680; x_wconf 89' lang='lat' dir='ltr'><strong>loquitur,</strong></span> <span class='ocrx_word' id='word_1_71' title='bbox 339 1608 438 1677; x_wconf 87' lang='lat' dir='ltr'><strong>qnam</strong></span> <span class='ocrx_word' id='word_1_72' title='bbox 461 1613 539 1658; x_wconf 85' lang='lat' dir='ltr'><strong>vere</strong></span> <span class='ocrx_word' id='word_1_73' title='bbox 563 1612 632 1657; x_wconf 88' lang='lat' dir='ltr'><strong>esse</strong></span> <span class='ocrx_word' id='word_1_74' title='bbox 655 1583 709 1657; x_wconf 87' lang='lat' dir='ltr'><strong>vel</strong></span> <span class='ocrx_word' id='word_1_75' title='bbox 728 1593 825 1658; x_wconf 83' lang='lat' dir='ltr'><strong>luisse</strong></span> <span class='ocrx_word' id='word_1_76' title='bbox 848 1613 1038 1678; x_wconf 85' lang='lat' dir='ltr'><strong>persuasum</strong></span> <span class='ocrx_word' id='word_1_77' title='bbox 1061 1591 1171 1673; x_wconf 83' lang='lat' dir='ltr'><strong>habet,</strong></span> <span class='ocrx_word' id='word_1_78' title='bbox 1188 1596 1246 1660; x_wconf 90' lang='lat' dir='ltr'><strong>sed</strong></span> <span class='ocrx_word' id='word_1_79' title='bbox 1261 1616 1334 1660; x_wconf 91' lang='lat' dir='ltr'><strong>oum</strong></span> <span class='ocrx_word' id='word_1_80' title='bbox 1358 1597 1440 1660; x_wconf 87' lang='lat' dir='ltr'><strong>nolit</strong></span> 
     </span>
     <span class='ocr_line' id='line_1_11' title="bbox 154 1691 1437 1787; baseline 0 -20"><span class='ocrx_word' id='word_1_81' title='bbox 154 1703 243 1786; x_wconf 87' lang='lat' dir='ltr'><strong>quod</strong></span> <span class='ocrx_word' id='word_1_82' title='bbox 266 1722 382 1786; x_wconf 84' lang='lat' dir='ltr'>reapse</span> <span class='ocrx_word' id='word_1_83' title='bbox 406 1701 503 1764; x_wconf 80' lang='lat' dir='ltr'><strong>sentit</strong></span> <span class='ocrx_word' id='word_1_84' title='bbox 527 1691 665 1782; x_wconf 84' lang='lat' dir='ltr'><strong>aperire,</strong></span> <span class='ocrx_word' id='word_1_85' title='bbox 690 1707 815 1763; x_wconf 91' lang='lat' dir='ltr'><strong>tantum</strong></span> <span class='ocrx_word' id='word_1_86' title='bbox 840 1703 938 1764; x_wconf 90' lang='lat' dir='ltr'><strong>sumit</strong></span> <span class='ocrx_word' id='word_1_87' title='bbox 970 1718 1042 1764; x_wconf 89' lang='lat' dir='ltr'><strong>eam</strong></span> <span class='ocrx_word' id='word_1_88' title='bbox 1075 1721 1144 1766; x_wconf 88' lang='lat' dir='ltr'><strong>esse</strong></span> <span class='ocrx_word' id='word_1_89' title='bbox 1168 1701 1222 1766; x_wconf 87' lang='lat' dir='ltr'><strong>vel</strong></span> <span class='ocrx_word' id='word_1_90' title='bbox 1244 1703 1342 1767; x_wconf 83' lang='lat' dir='ltr'><strong>fnisse</strong></span> <span class='ocrx_word' id='word_1_91' title='bbox 1362 1703 1392 1787; x_wconf 86' lang='lat'><strong>&#39;(</strong></span> <span class='ocrx_word' id='word_1_92' title='bbox 1413 1706 1437 1786; x_wconf 88' lang='lat'><strong>).</strong></span> 
     </span>
     <span class='ocr_line' id='line_1_12' title="bbox 156 1795 1440 1895; baseline 0 -23"><span class='ocrx_word' id='word_1_93' title='bbox 156 1807 229 1892; x_wconf 73' lang='lat' dir='ltr'><strong>Quo</strong></span> <span class='ocrx_word' id='word_1_94' title='bbox 265 1809 310 1886; x_wconf 84' lang='lat' dir='ltr'><strong>fit,</strong></span> <span class='ocrx_word' id='word_1_95' title='bbox 340 1814 376 1870; x_wconf 87' lang='lat' dir='ltr'><strong>ut</strong></span> <span class='ocrx_word' id='word_1_96' title='bbox 399 1807 588 1895; x_wconf 83' lang='lat' dir='ltr'><strong>saepissime</strong></span> <span class='ocrx_word' id='word_1_97' title='bbox 628 1795 864 1888; x_wconf 81' lang='lat' dir='ltr'><strong>condicionalis</strong></span> <span class='ocrx_word' id='word_1_98' title='bbox 904 1805 1084 1870; x_wconf 80' lang='lat' dir='ltr'><strong>enuntiatio</strong></span> <span class='ocrx_word' id='word_1_99' title='bbox 1116 1808 1225 1889; x_wconf 87' lang='lat' dir='ltr'><strong>specie</strong></span> <span class='ocrx_word' id='word_1_100' title='bbox 1249 1814 1375 1873; x_wconf 87' lang='lat' dir='ltr'><strong>tantum</strong></span> <span class='ocrx_word' id='word_1_101' title='bbox 1397 1811 1440 1872; x_wconf 93' lang='lat' dir='ltr'><strong>sit</strong></span> 
     </span>
     <span class='ocr_line' id='line_1_13' title="bbox 156 1911 1440 1996; baseline -0.002 -17"><span class='ocrx_word' id='word_1_102' title='bbox 156 1915 402 1993; x_wconf 75' lang='lat' dir='ltr'><strong>condicionalis,</strong></span> <span class='ocrx_word' id='word_1_103' title='bbox 426 1931 461 1977; x_wconf 86' lang='lat' dir='ltr'><strong>re</strong></span> <span class='ocrx_word' id='word_1_104' title='bbox 485 1933 565 1976; x_wconf 89' lang='lat' dir='ltr'><strong>vera</strong></span> <span class='ocrx_word' id='word_1_105' title='bbox 589 1919 699 1975; x_wconf 88' lang='lat' dir='ltr'><strong>autem</strong></span> <span class='ocrx_word' id='word_1_106' title='bbox 723 1913 862 1976; x_wconf 88' lang='lat' dir='ltr'><strong>causalis</strong></span> <span class='ocrx_word' id='word_1_107' title='bbox 898 1911 959 1996; x_wconf 89' lang='lat' dir='ltr'>(b).</span> <span class='ocrx_word' id='word_1_108' title='bbox 994 1914 1088 1978; x_wconf 89' lang='lat' dir='ltr'><strong>Alibi</strong></span> <span class='ocrx_word' id='word_1_109' title='bbox 1111 1913 1272 1978; x_wconf 86' lang='lat' dir='ltr'><strong>sententia</strong></span> <span class='ocrx_word' id='word_1_110' title='bbox 1296 1913 1440 1979; x_wconf 87' lang='lat' dir='ltr'><strong>condici-</strong></span> 
     </span>
     <span class='ocr_line' id='line_1_14' title="bbox 156 2020 1440 2104; baseline -0.002 -17"><span class='ocrx_word' id='word_1_111' title='bbox 156 2025 261 2088; x_wconf 87' lang='lat' dir='ltr'><strong>onalis</strong></span> <span class='ocrx_word' id='word_1_112' title='bbox 284 2021 328 2085; x_wconf 90' lang='lat' dir='ltr'><strong>ad</strong></span> <span class='ocrx_word' id='word_1_113' title='bbox 351 2023 549 2085; x_wconf 88' lang='lat' dir='ltr'><strong>obiectivam</strong></span> <span class='ocrx_word' id='word_1_114' title='bbox 571 2025 641 2082; x_wconf 87' lang='lat' dir='ltr'><strong>tam</strong></span> <span class='ocrx_word' id='word_1_115' title='bbox 663 2031 766 2102; x_wconf 74' lang='lat' dir='ltr'><strong>prope</strong></span> <span class='ocrx_word' id='word_1_116' title='bbox 791 2020 928 2096; x_wconf 90' lang='lat' dir='ltr'><strong>accedit,</strong></span> <span class='ocrx_word' id='word_1_117' title='bbox 953 2025 988 2082; x_wconf 88' lang='lat' dir='ltr'><strong>ut</strong></span> <span class='ocrx_word' id='word_1_118' title='bbox 1010 2035 1071 2104; x_wconf 89' lang='lat' dir='ltr'><strong>pro</strong></span> <span class='ocrx_word' id='word_1_119' title='bbox 1097 2021 1122 2084; x_wconf 80' lang='lat' dir='ltr'><strong>cl</strong></span> <span class='ocrx_word' id='word_1_120' title='bbox 1145 2020 1359 2086; x_wconf 88' lang='lat' dir='ltr'><strong>nullosensus</strong></span> <span class='ocrx_word' id='word_1_121' title='bbox 1376 2023 1440 2086; x_wconf 89' lang='lat' dir='ltr'><strong>dis-</strong></span> 
     </span>
     <span class='ocr_line' id='line_1_15' title="bbox 157 2116 1442 2210; baseline -0.001 -16"><span class='ocrx_word' id='word_1_122' title='bbox 157 2131 292 2194; x_wconf 88' lang='lat' dir='ltr'><strong>crimine</strong></span> <span class='ocrx_word' id='word_1_123' title='bbox 329 2128 379 2192; x_wconf 87' lang='grc' dir='ltr'><strong>ὅτι</strong></span> <span class='ocrx_word' id='word_1_124' title='bbox 412 2129 561 2192; x_wconf 87' lang='lat' dir='ltr'><strong>substitui</strong></span> <span class='ocrx_word' id='word_1_125' title='bbox 597 2129 708 2210; x_wconf 64' lang='lat' dir='ltr'><strong>possit</strong></span> <span class='ocrx_word' id='word_1_126' title='bbox 748 2125 836 2207; x_wconf 86' lang='lat' dir='ltr'><strong>quod</strong></span> <span class='ocrx_word' id='word_1_127' title='bbox 860 2116 934 2190; x_wconf 79' lang='lat' dir='ltr'><strong>cuin</strong></span> <span class='ocrx_word' id='word_1_128' title='bbox 958 2127 1038 2192; x_wconf 91' lang='lat' dir='ltr'><strong>alibi</strong></span> <span class='ocrx_word' id='word_1_129' title='bbox 1063 2129 1237 2194; x_wconf 89' lang='lat' dir='ltr'><strong>observare</strong></span> <span class='ocrx_word' id='word_1_130' title='bbox 1261 2129 1348 2207; x_wconf 89' lang='lat' dir='ltr'><strong>licet,</strong></span> <span class='ocrx_word' id='word_1_131' title='bbox 1373 2135 1442 2193; x_wconf 88' lang='lat' dir='ltr'><strong>tum</strong></span> 
     </span>
     <span class='ocr_line' id='line_1_16' title="bbox 159 2223 1442 2318; baseline -0.002 -16"><span class='ocrx_word' id='word_1_132' title='bbox 159 2241 184 2302; x_wconf 90' lang='lat' dir='ltr'><strong>si</strong></span> <span class='ocrx_word' id='word_1_133' title='bbox 219 2238 382 2302; x_wconf 71' lang='lat' dir='ltr'><strong>seniensis</strong></span> <span class='ocrx_word' id='word_1_134' title='bbox 410 2235 478 2298; x_wconf 88' lang='lat' dir='ltr'><strong>&#39;illa</strong></span> <span class='ocrx_word' id='word_1_135' title='bbox 515 2235 617 2298; x_wconf 84' lang='lat' dir='ltr'><strong>verbo</strong></span> <span class='ocrx_word' id='word_1_136' title='bbox 649 2233 749 2297; x_wconf 90' lang='lat' dir='ltr'><strong>alicui</strong></span> <span class='ocrx_word' id='word_1_137' title='bbox 767 2223 925 2297; x_wconf 62' lang='lat' dir='ltr'><strong>&#39;affectum</strong></span> <span class='ocrx_word' id='word_1_138' title='bbox 949 2235 1050 2298; x_wconf 89' lang='lat' dir='ltr'><strong>animi</strong></span> <span class='ocrx_word' id='word_1_139' title='bbox 1074 2237 1271 2318; x_wconf 83' lang='lat' dir='ltr'><strong>significanti</strong></span> <span class='ocrx_word' id='word_1_140' title='bbox 1295 2238 1442 2300; x_wconf 88' lang='lat' dir='ltr'><strong>subiecta</strong></span> 
     </span>
     <span class='ocr_line' id='line_1_17' title="bbox 163 2333 1441 2430; baseline -0.003 -20"><span class='ocrx_word' id='word_1_141' title='bbox 163 2351 207 2410; x_wconf 90' lang='lat' dir='ltr'><strong>est</strong></span> <span class='ocrx_word' id='word_1_142' title='bbox 232 2346 290 2430; x_wconf 88' lang='lat' dir='ltr'><strong>(c);</strong></span> <span class='ocrx_word' id='word_1_143' title='bbox 332 2349 380 2406; x_wconf 90' lang='lat' dir='ltr'><strong>est</strong></span> <span class='ocrx_word' id='word_1_144' title='bbox 403 2341 543 2424; x_wconf 87' lang='lat' dir='ltr'><strong>denique</strong></span> <span class='ocrx_word' id='word_1_145' title='bbox 567 2333 624 2405; x_wconf 88' lang='lat' dir='ltr'><strong>ubi</strong></span> <span class='ocrx_word' id='word_1_146' title='bbox 649 2342 674 2405; x_wconf 83' lang='grc' dir='ltr'><strong>εἰ</strong></span> <span class='ocrx_word' id='word_1_147' title='bbox 697 2341 812 2404; x_wconf 89' lang='lat' dir='ltr'><strong>Latine</strong></span> <span class='ocrx_word' id='word_1_148' title='bbox 840 2342 979 2424; x_wconf 84' lang='lat' dir='ltr'><strong>,quod“,</strong></span> <span class='ocrx_word' id='word_1_149' title='bbox 1003 2342 1139 2405; x_wconf 85' lang='lat' dir='ltr'><strong>Rossioe</strong></span> <span class='ocrx_word' id='word_1_150' title='bbox 1182 2363 1260 2421; x_wconf 76' lang='lat' dir='ltr'><strong>„ure</strong></span> <span class='ocrx_word' id='word_1_151' title='bbox 1284 2354 1441 2408; x_wconf 78' lang='lat' dir='ltr'><strong>uacaercs</strong></span> 
     </span>
     <span class='ocr_line' id='line_1_18' title="bbox 168 2437 915 2531; baseline -0.012 -14"><span class='ocrx_word' id='word_1_152' title='bbox 168 2471 202 2525; x_wconf 68' lang='lat' dir='ltr'><strong>ao</strong></span> <span class='ocrx_word' id='word_1_153' title='bbox 221 2469 298 2517; x_wconf 80' lang='lat' dir='ltr'><strong>roro</strong></span> <span class='ocrx_word' id='word_1_154' title='bbox 322 2453 402 2513; x_wconf 77' lang='lat' dir='ltr'><strong>uro“</strong></span> <span class='ocrx_word' id='word_1_155' title='bbox 428 2449 514 2512; x_wconf 84' lang='lat' dir='ltr'><strong>verti</strong></span> <span class='ocrx_word' id='word_1_156' title='bbox 537 2450 640 2530; x_wconf 83' lang='lat' dir='ltr'><strong>possit</strong></span> <span class='ocrx_word' id='word_1_157' title='bbox 665 2447 724 2531; x_wconf 92' lang='grc'><strong>((1).</strong></span> <span class='ocrx_word' id='word_1_158' title='bbox 910 2437 915 2444; x_wconf 72' lang='grc'>’</span> 
     </span>
    </p>
   </div>
   <div class='ocr_carea' id='block_1_4' title="bbox 208 2539 1442 2659">
    <p class='ocr_par' dir='ltr' id='par_1_6' title="bbox 208 2539 1442 2659">
     <span class='ocr_line' id='line_1_19' title="bbox 208 2539 1442 2659; baseline 0.001 -23"><span class='ocrx_word' id='word_1_159' title='bbox 208 2575 237 2659; x_wconf 88' lang='grc'><strong>3)</strong></span> <span class='ocrx_word' id='word_1_160' title='bbox 263 2571 397 2649; x_wconf 80' lang='lat' dir='ltr'><strong>Contra,</strong></span> <span class='ocrx_word' id='word_1_161' title='bbox 422 2579 471 2638; x_wconf 88' lang='lat' dir='ltr'><strong>est</strong></span> <span class='ocrx_word' id='word_1_162' title='bbox 493 2573 551 2636; x_wconf 88' lang='lat' dir='ltr'><strong>ubi</strong></span> <span class='ocrx_word' id='word_1_163' title='bbox 575 2573 647 2654; x_wconf 89' lang='lat' dir='ltr'><strong>quis</strong></span> <span class='ocrx_word' id='word_1_164' title='bbox 672 2566 798 2654; x_wconf 74' lang='lat' dir='ltr'><strong>aliqcrid</strong></span> <span class='ocrx_word' id='word_1_165' title='bbox 821 2539 935 2638; x_wconf 86' lang='lat' dir='ltr'><strong>verum</strong></span> <span class='ocrx_word' id='word_1_166' title='bbox 960 2593 1029 2638; x_wconf 85' lang='lat' dir='ltr'><strong>esse</strong></span> <span class='ocrx_word' id='word_1_167' title='bbox 1052 2581 1170 2651; x_wconf 83' lang='lat' dir='ltr'><strong>sumat,</strong></span> <span class='ocrx_word' id='word_1_168' title='bbox 1195 2595 1268 2638; x_wconf 89' lang='lat' dir='ltr'><strong>cum</strong></span> <span class='ocrx_word' id='word_1_169' title='bbox 1291 2578 1362 2658; x_wconf 90' lang='lat' dir='ltr'><strong>ipse</strong></span> <span class='ocrx_word' id='word_1_170' title='bbox 1376 2595 1442 2638; x_wconf 87' lang='lat' dir='ltr'><strong>non</strong></span> 
     </span>
    </p>
   </div>
   <div class='ocr_carea' id='block_1_5' title="bbox 155 2675 1442 3189">
    <p class='ocr_par' dir='ltr' id='par_1_7' title="bbox 155 2675 1442 3189">
     <span class='ocr_line' id='line_1_20' title="bbox 161 2675 1442 2764; baseline 0.002 -20"><span class='ocrx_word' id='word_1_171' title='bbox 161 2684 285 2746; x_wconf 90' lang='lat' dir='ltr'><strong>nescius</strong></span> <span class='ocrx_word' id='word_1_172' title='bbox 320 2681 372 2757; x_wconf 90' lang='lat' dir='ltr'><strong>sit,</strong></span> <span class='ocrx_word' id='word_1_173' title='bbox 408 2699 523 2761; x_wconf 82' lang='lat' dir='ltr'><strong>reapse</strong></span> <span class='ocrx_word' id='word_1_174' title='bbox 558 2679 640 2745; x_wconf 90' lang='lat' dir='ltr'><strong>illud</strong></span> <span class='ocrx_word' id='word_1_175' title='bbox 662 2700 728 2743; x_wconf 93' lang='lat' dir='ltr'><strong>non</strong></span> <span class='ocrx_word' id='word_1_176' title='bbox 750 2681 799 2742; x_wconf 92' lang='lat' dir='ltr'><strong>ita</strong></span> <span class='ocrx_word' id='word_1_177' title='bbox 821 2700 855 2745; x_wconf 87' lang='lat' dir='ltr'><strong>se</strong></span> <span class='ocrx_word' id='word_1_178' title='bbox 878 2681 1011 2744; x_wconf 90' lang='lat' dir='ltr'><strong>habere.</strong></span> <span class='ocrx_word' id='word_1_179' title='bbox 1038 2675 1134 2762; x_wconf 77' lang='lat' dir='ltr'><strong>Quod</strong></span> <span class='ocrx_word' id='word_1_180' title='bbox 1155 2682 1350 2764; x_wconf 84' lang='lat' dir='ltr'><strong>plerumque</strong></span> <span class='ocrx_word' id='word_1_181' title='bbox 1373 2690 1442 2746; x_wconf 89' lang='lat' dir='ltr'><strong>tum</strong></span> 
     </span>
     <span class='ocr_line' id='line_1_21' title="bbox 159 2786 1441 2874; baseline 0.002 -22"><span class='ocrx_word' id='word_1_182' title='bbox 159 2789 203 2868; x_wconf 89' lang='lat' dir='ltr'><strong>fit,</strong></span> <span class='ocrx_word' id='word_1_183' title='bbox 227 2808 302 2851; x_wconf 92' lang='lat' dir='ltr'><strong>cum</strong></span> <span class='ocrx_word' id='word_1_184' title='bbox 327 2788 411 2869; x_wconf 87' lang='lat' dir='ltr'><strong>quis,</strong></span> <span class='ocrx_word' id='word_1_185' title='bbox 437 2786 580 2853; x_wconf 86' lang='lat' dir='ltr'><strong>alienum</strong></span> <span class='ocrx_word' id='word_1_186' title='bbox 606 2786 646 2850; x_wconf 91' lang='lat' dir='ltr'><strong>de</strong></span> <span class='ocrx_word' id='word_1_187' title='bbox 671 2787 783 2867; x_wconf 89' lang='lat' dir='ltr'><strong>aliqua</strong></span> <span class='ocrx_word' id='word_1_188' title='bbox 806 2807 842 2851; x_wconf 91' lang='lat' dir='ltr'><strong>re</strong></span> <span class='ocrx_word' id='word_1_189' title='bbox 865 2787 1027 2852; x_wconf 89' lang='lat' dir='ltr'><strong>iudicium</strong></span> <span class='ocrx_word' id='word_1_190' title='bbox 1050 2797 1086 2851; x_wconf 89' lang='lat' dir='ltr'><strong>ut</strong></span> <span class='ocrx_word' id='word_1_191' title='bbox 1108 2809 1221 2852; x_wconf 89' lang='lat' dir='ltr'><strong>verum</strong></span> <span class='ocrx_word' id='word_1_192' title='bbox 1247 2790 1394 2874; x_wconf 86' lang='lat' dir='ltr'><strong>afferens,</strong></span> <span class='ocrx_word' id='word_1_193' title='bbox 1413 2794 1441 2856; x_wconf 91' lang='lat' dir='ltr'><strong>si</strong></span> 
     </span>
     <span class='ocr_line' id='line_1_22' title="bbox 157 2880 1442 2978; baseline 0.003 -20"><span class='ocrx_word' id='word_1_194' title='bbox 157 2917 221 2960; x_wconf 90' lang='lat' dir='ltr'><strong>non</strong></span> <span class='ocrx_word' id='word_1_195' title='bbox 245 2900 334 2958; x_wconf 89' lang='lat' dir='ltr'><strong>certo</strong></span> <span class='ocrx_word' id='word_1_196' title='bbox 357 2895 429 2970; x_wconf 89' lang='lat' dir='ltr'><strong>scit,</strong></span> <span class='ocrx_word' id='word_1_197' title='bbox 455 2899 490 2956; x_wconf 90' lang='lat' dir='ltr'><strong>at</strong></span> <span class='ocrx_word' id='word_1_198' title='bbox 509 2896 694 2978; x_wconf 87' lang='lat' dir='ltr'><strong>suspicatur</strong></span> <span class='ocrx_word' id='word_1_199' title='bbox 717 2901 834 2972; x_wconf 88' lang='lat' dir='ltr'><strong>tamen,</strong></span> <span class='ocrx_word' id='word_1_200' title='bbox 859 2914 1105 2962; x_wconf 82' lang='lat' dir='ltr'><strong>rerumrerum</strong></span> <span class='ocrx_word' id='word_1_201' title='bbox 1128 2880 1248 2959; x_wconf 84' lang='lat' dir='ltr'><strong>statum</strong></span> <span class='ocrx_word' id='word_1_202' title='bbox 1263 2916 1329 2960; x_wconf 93' lang='lat' dir='ltr'><strong>non</strong></span> <span class='ocrx_word' id='word_1_203' title='bbox 1344 2899 1442 2962; x_wconf 86' lang='lat' dir='ltr'><strong>talem</strong></span> 
     </span>
     <span class='ocr_line' id='line_1_23' title="bbox 156 2994 1442 3082; baseline -0.001 -15"><span class='ocrx_word' id='word_1_204' title='bbox 156 3023 235 3080; x_wconf 87' lang='lat' dir='ltr'><strong>esse;</strong></span> <span class='ocrx_word' id='word_1_205' title='bbox 261 3008 360 3082; x_wconf 89' lang='lat' dir='ltr'><strong>atque</strong></span> <span class='ocrx_word' id='word_1_206' title='bbox 384 3009 421 3065; x_wconf 91' lang='lat' dir='ltr'><strong>ut</strong></span> <span class='ocrx_word' id='word_1_207' title='bbox 444 2997 602 3078; x_wconf 89' lang='lat' dir='ltr'><strong>ostendat,</strong></span> <span class='ocrx_word' id='word_1_208' title='bbox 628 2994 778 3066; x_wconf 86' lang='lat' dir='ltr'><strong>dubitare</strong></span> <span class='ocrx_word' id='word_1_209' title='bbox 802 3022 836 3065; x_wconf 92' lang='lat' dir='ltr'><strong>se</strong></span> <span class='ocrx_word' id='word_1_210' title='bbox 862 3001 902 3065; x_wconf 93' lang='lat' dir='ltr'><strong>de</strong></span> <span class='ocrx_word' id='word_1_211' title='bbox 926 3004 996 3065; x_wconf 89' lang='lat' dir='ltr'><strong>eins</strong></span> <span class='ocrx_word' id='word_1_212' title='bbox 1018 3003 1135 3066; x_wconf 89' lang='lat' dir='ltr'><strong>iudicii</strong></span> <span class='ocrx_word' id='word_1_213' title='bbox 1158 3004 1310 3080; x_wconf 83' lang='lat' dir='ltr'><strong>veritate,</strong></span> <span class='ocrx_word' id='word_1_214' title='bbox 1343 3005 1442 3068; x_wconf 87' lang='lat' dir='ltr'><strong>inter-</strong></span> 
     </span>
     <span class='ocr_line' id='line_1_24' title="bbox 155 3095 1392 3189; baseline 0 -14"><span class='ocrx_word' id='word_1_215' title='bbox 155 3112 234 3175; x_wconf 91' lang='lat' dir='ltr'><strong>dum</strong></span> <span class='ocrx_word' id='word_1_216' title='bbox 256 3111 436 3174; x_wconf 88' lang='lat' dir='ltr'><strong>sententiae</strong></span> <span class='ocrx_word' id='word_1_217' title='bbox 461 3108 682 3172; x_wconf 81' lang='lat' dir='ltr'><strong>condicionali</strong></span> <span class='ocrx_word' id='word_1_218' title='bbox 703 3110 818 3176; x_wconf 85' lang='lat' dir='ltr'><strong>inserit</strong></span> <span class='ocrx_word' id='word_1_219' title='bbox 841 3110 1036 3174; x_wconf 87' lang='lat' dir='ltr'><strong>adverbium</strong></span> <span class='ocrx_word' id='word_1_220' title='bbox 1060 3111 1200 3189; x_wconf 86' lang='grc' dir='ltr'>ἀληθῶς.</span> <span class='ocrx_word' id='word_1_221' title='bbox 1388 3095 1392 3102; x_wconf 56' lang='grc'>’</span> 
     </span>
    </p>
   </div>
   <div class='ocr_carea' id='block_1_6' title="bbox 148 3233 1444 4604">
    <p class='ocr_par' dir='ltr' id='par_1_8' title="bbox 155 3233 1443 3856">
     <span class='ocr_line' id='line_1_25' title="bbox 201 3233 1442 3324; baseline -0.002 -24"><span class='ocrx_word' id='word_1_222' title='bbox 201 3238 235 3316; x_wconf 82' lang='grc'><strong>4)</strong></span> <span class='ocrx_word' id='word_1_223' title='bbox 259 3237 438 3302; x_wconf 86' lang='lat' dir='ltr'><strong>Praeterea</strong></span> <span class='ocrx_word' id='word_1_224' title='bbox 461 3240 535 3298; x_wconf 89' lang='lat' dir='ltr'><strong>sunt</strong></span> <span class='ocrx_word' id='word_1_225' title='bbox 557 3233 632 3314; x_wconf 88' lang='lat' dir='ltr'><strong>loci,</strong></span> <span class='ocrx_word' id='word_1_226' title='bbox 656 3235 833 3324; x_wconf 79' lang='lat' dir='ltr'><strong>inquibus</strong></span> <span class='ocrx_word' id='word_1_227' title='bbox 856 3236 941 3298; x_wconf 88' lang='lat' dir='ltr'><strong>inter</strong></span> <span class='ocrx_word' id='word_1_228' title='bbox 963 3235 1120 3316; x_wconf 81' lang='lat' dir='ltr'><strong>protasim</strong></span> <span class='ocrx_word' id='word_1_229' title='bbox 1137 3241 1170 3302; x_wconf 87' lang='lat' dir='ltr'><strong>ct</strong></span> <span class='ocrx_word' id='word_1_230' title='bbox 1186 3235 1356 3318; x_wconf 83' lang='lat' dir='ltr'><strong>epodosiru</strong></span> <span class='ocrx_word' id='word_1_231' title='bbox 1371 3236 1442 3300; x_wconf 91' lang='lat' dir='ltr'><strong>nul·</strong></span> 
     </span>
     <span class='ocr_line' id='line_1_26' title="bbox 156 3340 1443 3428; baseline 0.002 -22"><span class='ocrx_word' id='word_1_232' title='bbox 156 3344 206 3408; x_wconf 90' lang='lat' dir='ltr'><strong>lus</strong></span> <span class='ocrx_word' id='word_1_233' title='bbox 238 3344 377 3428; x_wconf 83' lang='lat' dir='ltr'><strong>logicus,</strong></span> <span class='ocrx_word' id='word_1_234' title='bbox 409 3343 466 3422; x_wconf 87' lang='lat' dir='ltr'><strong>qni</strong></span> <span class='ocrx_word' id='word_1_235' title='bbox 490 3341 619 3418; x_wconf 87' lang='lat' dir='ltr'><strong>dicitur,</strong></span> <span class='ocrx_word' id='word_1_236' title='bbox 642 3361 744 3405; x_wconf 87' lang='lat' dir='ltr'><strong>nexus</strong></span> <span class='ocrx_word' id='word_1_237' title='bbox 767 3340 959 3418; x_wconf 86' lang='lat' dir='ltr'><strong>intercedat,</strong></span> <span class='ocrx_word' id='word_1_238' title='bbox 985 3342 1040 3420; x_wconf 85' lang='lat' dir='ltr'><strong>,in</strong></span> <span class='ocrx_word' id='word_1_239' title='bbox 1063 3342 1181 3422; x_wconf 84' lang='lat' dir='ltr'><strong>quibus</strong></span> <span class='ocrx_word' id='word_1_240' title='bbox 1205 3341 1355 3406; x_wconf 88' lang='lat' dir='ltr'><strong>condicio</strong></span> <span class='ocrx_word' id='word_1_241' title='bbox 1378 3361 1443 3408; x_wconf 88' lang='lat' dir='ltr'><strong>non</strong></span> 
     </span>
     <span class='ocr_line' id='line_1_27' title="bbox 156 3429 1442 3530; baseline -0.001 -17"><span class='ocrx_word' id='word_1_242' title='bbox 156 3429 292 3513; x_wconf 83' lang='lat' dir='ltr'><strong>adrem</strong></span> <span class='ocrx_word' id='word_1_243' title='bbox 315 3450 421 3530; x_wconf 87' lang='lat' dir='ltr'><strong>ipsam</strong></span> <span class='ocrx_word' id='word_1_244' title='bbox 444 3446 616 3528; x_wconf 87' lang='lat' dir='ltr'><strong>pertineat,</strong></span> <span class='ocrx_word' id='word_1_245' title='bbox 640 3447 698 3510; x_wconf 92' lang='lat' dir='ltr'><strong>sed</strong></span> <span class='ocrx_word' id='word_1_246' title='bbox 721 3447 765 3510; x_wconf 91' lang='lat' dir='ltr'><strong>ad</strong></span> <span class='ocrx_word' id='word_1_247' title='bbox 788 3448 867 3523; x_wconf 89' lang='lat' dir='ltr'><strong>eius,</strong></span> <span class='ocrx_word' id='word_1_248' title='bbox 892 3448 926 3509; x_wconf 91' lang='lat' dir='ltr'><strong>in</strong></span> <span class='ocrx_word' id='word_1_249' title='bbox 951 3465 1047 3527; x_wconf 90' lang='lat' dir='ltr'><strong>quem</strong></span> <span class='ocrx_word' id='word_1_250' title='bbox 1072 3448 1177 3510; x_wconf 87' lang='lat' dir='ltr'><strong>oratio</strong></span> <span class='ocrx_word' id='word_1_251' title='bbox 1202 3466 1361 3512; x_wconf 81' lang='lat' dir='ltr'><strong>conversa</strong></span> <span class='ocrx_word' id='word_1_252' title='bbox 1384 3457 1442 3524; x_wconf 83' lang='lat' dir='ltr'><strong>est,</strong></span> 
     </span>
     <span class='ocr_line' id='line_1_28' title="bbox 156 3551 1442 3636; baseline 0.003 -22"><span class='ocrx_word' id='word_1_253' title='bbox 156 3555 210 3618; x_wconf 87' lang='lat' dir='ltr'><strong>vel</strong></span> <span class='ocrx_word' id='word_1_254' title='bbox 250 3554 471 3636; x_wconf 85' lang='lat' dir='ltr'><strong>cognitionem</strong></span> <span class='ocrx_word' id='word_1_255' title='bbox 504 3552 559 3615; x_wconf 87' lang='lat' dir='ltr'><strong>vel</strong></span> <span class='ocrx_word' id='word_1_256' title='bbox 595 3552 705 3618; x_wconf 75' lang='lat' dir='ltr'><strong>animi.</strong></span> <span class='ocrx_word' id='word_1_257' title='bbox 733 3553 895 3616; x_wconf 79' lang='lat' dir='ltr'><strong>allectum.</strong></span> <span class='ocrx_word' id='word_1_258' title='bbox 919 3551 1003 3616; x_wconf 81' lang='lat' dir='ltr'><strong>uum</strong></span> <span class='ocrx_word' id='word_1_259' title='bbox 1026 3571 1116 3628; x_wconf 85' lang='lat' dir='ltr'><strong>vero,</strong></span> <span class='ocrx_word' id='word_1_260' title='bbox 1139 3553 1169 3619; x_wconf 88' lang='lat' dir='ltr'><strong>si</strong></span> <span class='ocrx_word' id='word_1_261' title='bbox 1192 3555 1442 3634; x_wconf 81' lang='lat' dir='ltr'><strong>grammaticam</strong></span> 
     </span>
     <span class='ocr_line' id='line_1_29' title="bbox 155 3659 1441 3744; baseline -0.001 -18"><span class='ocrx_word' id='word_1_262' title='bbox 155 3664 318 3728; x_wconf 74' lang='lat' dir='ltr'><strong>rationem</strong></span> <span class='ocrx_word' id='word_1_263' title='bbox 340 3666 535 3744; x_wconf 83' lang='lat' dir='ltr'><strong>spectamus,</strong></span> <span class='ocrx_word' id='word_1_264' title='bbox 578 3659 730 3744; x_wconf 78' lang='lat' dir='ltr'><strong>spodosis</strong></span> <span class='ocrx_word' id='word_1_265' title='bbox 754 3659 926 3725; x_wconf 83' lang='lat' dir='ltr'><strong>efficienda</strong></span> <span class='ocrx_word' id='word_1_266' title='bbox 949 3667 997 3724; x_wconf 90' lang='lat' dir='ltr'><strong>est</strong></span> <span class='ocrx_word' id='word_1_267' title='bbox 1019 3661 1120 3724; x_wconf 86' lang='lat' dir='ltr'><strong>verbo</strong></span> <span class='ocrx_word' id='word_1_268' title='bbox 1145 3661 1228 3735; x_wconf 84' lang='grc' dir='ltr'>λέγω</span> <span class='ocrx_word' id='word_1_269' title='bbox 1252 3661 1307 3724; x_wconf 86' lang='lat' dir='ltr'><strong>vel</strong></span> <span class='ocrx_word' id='word_1_270' title='bbox 1330 3663 1441 3737; x_wconf 86' lang='lat' dir='ltr'><strong>simili,</strong></span> 
     </span>
     <span class='ocr_line' id='line_1_30' title="bbox 156 3765 1373 3856; baseline -0.003 -22"><span class='ocrx_word' id='word_1_271' title='bbox 156 3789 233 3834; x_wconf 82' lang='lat' dir='ltr'><strong>nem</strong></span> <span class='ocrx_word' id='word_1_272' title='bbox 255 3788 307 3832; x_wconf 89' lang='lat' dir='ltr'><strong>res</strong></span> <span class='ocrx_word' id='word_1_273' title='bbox 329 3769 403 3856; x_wconf 80' lang='lat' dir='ltr'><strong>ipsa</strong></span> <span class='ocrx_word' id='word_1_274' title='bbox 426 3786 467 3830; x_wconf 87' lang='lat' dir='ltr'><strong>ex</strong></span> <span class='ocrx_word' id='word_1_275' title='bbox 491 3767 683 3847; x_wconf 81' lang='lat' dir='ltr'><strong>condicione</strong></span> <span class='ocrx_word' id='word_1_276' title='bbox 707 3767 798 3830; x_wconf 90' lang='lat' dir='ltr'><strong>nulla</strong></span> <span class='ocrx_word' id='word_1_277' title='bbox 819 3765 958 3854; x_wconf 81' lang='lat' dir='ltr'><strong>pendet“</strong></span> <span class='ocrx_word' id='word_1_278' title='bbox 987 3767 1140 3850; x_wconf 86' lang='lat' dir='ltr'><strong>(Winter.</strong></span> <span class='ocrx_word' id='word_1_279' title='bbox 1170 3785 1202 3848; x_wconf 91' lang='lat' dir='ltr'><strong>p.</strong></span> <span class='ocrx_word' id='word_1_280' title='bbox 1237 3765 1281 3848; x_wconf 83' lang='grc'><strong>7).</strong></span> <span class='ocrx_word' id='word_1_281' title='bbox 1367 3843 1373 3852; x_wconf 33' lang='lat'>¹</span> 
     </span>
    </p>

    <p class='ocr_par' dir='ltr' id='par_1_9' title="bbox 154 3871 1440 4064">
     <span class='ocr_line' id='line_1_31' title="bbox 201 3871 1440 3955; baseline -0.006 -12"><span class='ocrx_word' id='word_1_282' title='bbox 201 3875 292 3943; x_wconf 86' lang='lat' dir='ltr'><strong>Haec</strong></span> <span class='ocrx_word' id='word_1_283' title='bbox 317 3875 535 3955; x_wconf 77' lang='lat' dir='ltr'><strong>omnisonae</strong></span> <span class='ocrx_word' id='word_1_284' title='bbox 560 3871 629 3937; x_wconf 79' lang='lat' dir='ltr'><strong>diri</strong></span> <span class='ocrx_word' id='word_1_285' title='bbox 665 3878 702 3935; x_wconf 91' lang='lat' dir='ltr'><strong>ut</strong></span> <span class='ocrx_word' id='word_1_286' title='bbox 726 3872 882 3955; x_wconf 81' lang='lat' dir='ltr'><strong>exemplis</strong></span> <span class='ocrx_word' id='word_1_287' title='bbox 907 3872 1142 3950; x_wconf 85' lang='lat' dir='ltr'><strong>confirmemus,</strong></span> <span class='ocrx_word' id='word_1_288' title='bbox 1175 3890 1196 3933; x_wconf 88' lang='lat' dir='ltr'><strong>a</strong></span> <span class='ocrx_word' id='word_1_289' title='bbox 1219 3872 1361 3936; x_wconf 90' lang='lat' dir='ltr'><strong>secundo</strong></span> <span class='ocrx_word' id='word_1_290' title='bbox 1385 3892 1440 3954; x_wconf 85' lang='lat' dir='ltr'><strong>ge·</strong></span> 
     </span>
     <span class='ocr_line' id='line_1_32' title="bbox 154 3959 1440 4064; baseline -0.005 -18"><span class='ocrx_word' id='word_1_291' title='bbox 154 4001 232 4046; x_wconf 89' lang='lat' dir='ltr'><strong>nere</strong></span> <span class='ocrx_word' id='word_1_292' title='bbox 257 3959 433 4060; x_wconf 77' lang='lat' dir='ltr'><strong>ordiamur:</strong></span> <span class='ocrx_word' id='word_1_293' title='bbox 446 3999 533 4050; x_wconf 77' lang='lat' dir='ltr'><strong>,nam</strong></span> <span class='ocrx_word' id='word_1_294' title='bbox 548 3982 691 4064; x_wconf 90' lang='lat' dir='ltr'><strong>primum</strong></span> <span class='ocrx_word' id='word_1_295' title='bbox 708 3987 775 4047; x_wconf 84' lang='lat' dir='ltr'><strong>tam</strong></span> <span class='ocrx_word' id='word_1_296' title='bbox 790 3980 947 4052; x_wconf 82' lang='lat' dir='ltr'><strong>usitatum</strong></span> <span class='ocrx_word' id='word_1_297' title='bbox 963 3985 1021 4058; x_wconf 88' lang='lat' dir='ltr'><strong>est,</strong></span> <span class='ocrx_word' id='word_1_298' title='bbox 1033 3985 1069 4042; x_wconf 91' lang='lat' dir='ltr'><strong>ut</strong></span> <span class='ocrx_word' id='word_1_299' title='bbox 1084 3977 1242 4062; x_wconf 83' lang='lat' dir='ltr'><strong>exemplis</strong></span> <span class='ocrx_word' id='word_1_300' title='bbox 1258 3997 1323 4042; x_wconf 91' lang='lat' dir='ltr'><strong>non</strong></span> <span class='ocrx_word' id='word_1_301' title='bbox 1335 3985 1440 4061; x_wconf 85' lang='lat' dir='ltr'><strong>egeat.</strong></span> 
     </span>
    </p>

    <p class='ocr_par' dir='ltr' id='par_1_10' title="bbox 148 4085 1444 4604">
     <span class='ocr_line' id='line_1_33' title="bbox 202 4085 1444 4172; baseline -0.003 -18"><span class='ocrx_word' id='word_1_302' title='bbox 202 4092 232 4154; x_wconf 85' lang='lat'><strong>2.</strong></span> <span class='ocrx_word' id='word_1_303' title='bbox 258 4090 291 4172; x_wconf 89' lang='lat' dir='ltr'><strong>a)</strong></span> <span class='ocrx_word' id='word_1_304' title='bbox 327 4088 367 4159; x_wconf 85' lang='lat' dir='ltr'><strong>ln</strong></span> <span class='ocrx_word' id='word_1_305' title='bbox 400 4089 464 4152; x_wconf 87' lang='lat' dir='ltr'><strong>Av.</strong></span> <span class='ocrx_word' id='word_1_306' title='bbox 499 4086 563 4152; x_wconf 84' lang='lat'><strong>326</strong></span> <span class='ocrx_word' id='word_1_307' title='bbox 599 4088 698 4152; x_wconf 84' lang='lat' dir='ltr'><strong>choro</strong></span> <span class='ocrx_word' id='word_1_308' title='bbox 722 4088 871 4170; x_wconf 77' lang='lat' dir='ltr'><strong>Epopon</strong></span> <span class='ocrx_word' id='word_1_309' title='bbox 905 4088 1129 4170; x_wconf 86' lang='lat' dir='ltr'><strong>interroganti,</strong></span> <span class='ocrx_word' id='word_1_310' title='bbox 1153 4107 1230 4150; x_wconf 90' lang='lat' dir='ltr'><strong>num</strong></span> <span class='ocrx_word' id='word_1_311' title='bbox 1255 4085 1342 4168; x_wconf 86' lang='lat' dir='ltr'><strong>apud</strong></span> <span class='ocrx_word' id='word_1_312' title='bbox 1365 4105 1444 4152; x_wconf 79' lang='lat' dir='ltr'><strong>sves</strong></span> 
     </span>
     <span class='ocr_line' id='line_1_34' title="bbox 148 4189 1442 4278; baseline 0.002 -18"><span class='ocrx_word' id='word_1_313' title='bbox 148 4198 235 4272; x_wconf 77' lang='lat' dir='ltr'><strong>sint..</strong></span> <span class='ocrx_word' id='word_1_314' title='bbox 245 4197 392 4275; x_wconf 76' lang='lat' dir='ltr'><strong>advenae</strong></span> <span class='ocrx_word' id='word_1_315' title='bbox 426 4196 635 4263; x_wconf 87' lang='lat' dir='ltr'><strong>Pithetaerus</strong></span> <span class='ocrx_word' id='word_1_316' title='bbox 671 4201 703 4260; x_wconf 86' lang='lat' dir='ltr'><strong>et</strong></span> <span class='ocrx_word' id='word_1_317' title='bbox 737 4195 915 4278; x_wconf 82' lang='lat' dir='ltr'><strong>Euelpides</strong></span> <span class='ocrx_word' id='word_1_318' title='bbox 940 4196 1061 4260; x_wconf 82' lang='grc' dir='ltr'>κάστὸν</span> <span class='ocrx_word' id='word_1_319' title='bbox 1084 4195 1146 4272; x_wconf 82' lang='grc' dir='ltr'><strong>ἤδη</strong></span> <span class='ocrx_word' id='word_1_320' title='bbox 1171 4214 1234 4258; x_wconf 89' lang='grc' dir='ltr'><strong>που</strong></span> <span class='ocrx_word' id='word_1_321' title='bbox 1258 4189 1334 4271; x_wconf 84' lang='grc' dir='ltr'>παρ’</span> <span class='ocrx_word' id='word_1_322' title='bbox 1358 4191 1442 4272; x_wconf 78' lang='grc' dir='ltr'>ἡμῑν;</span> 
     </span>
     <span class='ocr_line' id='line_1_35' title="bbox 157 4298 1443 4390; baseline -0.006 -20"><span class='ocrx_word' id='word_1_323' title='bbox 157 4305 269 4390; x_wconf 81' lang='lat' dir='ltr'><strong>Epope</strong></span> <span class='ocrx_word' id='word_1_324' title='bbox 291 4304 476 4390; x_wconf 80' lang='lat' dir='ltr'><strong>respondet:</strong></span> <span class='ocrx_word' id='word_1_325' title='bbox 502 4303 528 4370; x_wconf 85' lang='grc' dir='ltr'><strong>εἰ</strong></span> <span class='ocrx_word' id='word_1_326' title='bbox 550 4298 626 4382; x_wconf 78' lang='grc' dir='ltr'>παρ’</span> <span class='ocrx_word' id='word_1_327' title='bbox 651 4303 725 4382; x_wconf 84' lang='grc' dir='ltr'>ὑμῖν</span> <span class='ocrx_word' id='word_1_328' title='bbox 748 4300 810 4380; x_wconf 84' lang='grc' dir='ltr'>εἴμ’</span> <span class='ocrx_word' id='word_1_329' title='bbox 834 4304 909 4378; x_wconf 86' lang='grc' dir='ltr'>ἐγώ,</span> <span class='ocrx_word' id='word_1_330' title='bbox 934 4305 996 4366; x_wconf 91' lang='lat' dir='ltr'><strong>hoc</strong></span> <span class='ocrx_word' id='word_1_331' title='bbox 1021 4307 1078 4366; x_wconf 89' lang='lat' dir='ltr'><strong>est:</strong></span> <span class='ocrx_word' id='word_1_332' title='bbox 1103 4307 1139 4368; x_wconf 87' lang='lat' dir='ltr'><strong>ut</strong></span> <span class='ocrx_word' id='word_1_333' title='bbox 1162 4319 1276 4370; x_wconf 86' lang='lat' dir='ltr'><strong>verum</strong></span> <span class='ocrx_word' id='word_1_334' title='bbox 1292 4307 1340 4364; x_wconf 88' lang='lat' dir='ltr'><strong>est</strong></span> <span class='ocrx_word' id='word_1_335' title='bbox 1356 4301 1443 4383; x_wconf 79' lang='lat' dir='ltr'><strong>apud</strong></span> 
     </span>
     <span class='ocr_line' id='line_1_36' title="bbox 157 4408 1441 4491; baseline -0.002 -17"><span class='ocrx_word' id='word_1_336' title='bbox 157 4432 217 4478; x_wconf 83' lang='lat' dir='ltr'><strong>vos</strong></span> <span class='ocrx_word' id='word_1_337' title='bbox 252 4431 322 4481; x_wconf 80' lang='lat' dir='ltr'><strong>esse</strong></span> <span class='ocrx_word' id='word_1_338' title='bbox 357 4431 421 4490; x_wconf 89' lang='lat' dir='ltr'><strong>me,</strong></span> <span class='ocrx_word' id='word_1_339' title='bbox 456 4412 505 4476; x_wconf 85' lang='lat' dir='ltr'><strong>ita</strong></span> <span class='ocrx_word' id='word_1_340' title='bbox 528 4429 641 4474; x_wconf 87' lang='lat' dir='ltr'><strong>varum</strong></span> <span class='ocrx_word' id='word_1_341' title='bbox 666 4417 714 4476; x_wconf 89' lang='lat' dir='ltr'><strong>est</strong></span> <span class='ocrx_word' id='word_1_342' title='bbox 731 4409 826 4491; x_wconf 71' lang='lat' dir='ltr'><strong>¹apud</strong></span> <span class='ocrx_word' id='word_1_343' title='bbox 849 4429 908 4473; x_wconf 88' lang='lat' dir='ltr'><strong>vos</strong></span> <span class='ocrx_word' id='word_1_344' title='bbox 932 4428 1001 4474; x_wconf 86' lang='lat' dir='ltr'><strong>esse</strong></span> <span class='ocrx_word' id='word_1_345' title='bbox 1023 4409 1108 4474; x_wconf 92' lang='lat' dir='ltr'><strong>illos.</strong></span> <span class='ocrx_word' id='word_1_346' title='bbox 1133 4408 1225 4472; x_wconf 92' lang='lat' dir='ltr'><strong>Idem</strong></span> <span class='ocrx_word' id='word_1_347' title='bbox 1248 4409 1283 4470; x_wconf 90' lang='lat' dir='ltr'><strong>in</strong></span> <span class='ocrx_word' id='word_1_348' title='bbox 1307 4408 1342 4472; x_wconf 87' lang='lat' dir='ltr'><strong>L.</strong></span> <span class='ocrx_word' id='word_1_349' title='bbox 1368 4409 1441 4472; x_wconf 82' lang='lat'><strong>992.</strong></span> 
     </span>
     <span class='ocr_line' id='line_1_37' title="bbox 156 4515 1444 4604; baseline -0.005 -20"><span class='ocrx_word' id='word_1_350' title='bbox 156 4517 268 4584; x_wconf 78' lang='lat' dir='ltr'><strong>(lili.</strong></span> <span class='ocrx_word' id='word_1_351' title='bbox 297 4521 392 4589; x_wconf 88' lang='grc'><strong>1310,</strong></span> <span class='ocrx_word' id='word_1_352' title='bbox 416 4517 477 4582; x_wconf 82' lang='lat' dir='ltr'><strong>Th.</strong></span> <span class='ocrx_word' id='word_1_353' title='bbox 505 4519 601 4582; x_wconf 82' lang='lat'>1156.</span> <span class='ocrx_word' id='word_1_354' title='bbox 625 4515 666 4580; x_wconf 82' lang='lat' dir='ltr'><strong>R.</strong></span> <span class='ocrx_word' id='word_1_355' title='bbox 692 4520 766 4582; x_wconf 85' lang='lat'><strong>242.</strong></span> <span class='ocrx_word' id='word_1_356' title='bbox 792 4516 917 4580; x_wconf 84' lang='lat' dir='ltr'><strong>Eodem</strong></span> <span class='ocrx_word' id='word_1_357' title='bbox 940 4515 1131 4604; x_wconf 78' lang='lat' dir='ltr'><strong>pertinetel</strong></span> <span class='ocrx_word' id='word_1_358' title='bbox 1154 4519 1195 4595; x_wconf 86' lang='grc' dir='ltr'><strong>μή</strong></span> <span class='ocrx_word' id='word_1_359' title='bbox 1220 4522 1294 4600; x_wconf 83' lang='lat' dir='ltr'><strong>post</strong></span> <span class='ocrx_word' id='word_1_360' title='bbox 1317 4517 1444 4600; x_wconf 85' lang='lat' dir='ltr'><strong>negati·</strong></span> 
     </span>
    </p>
   </div>
   <div class='ocr_carea' id='block_1_7' title="bbox 0 0 1745 5390">
    <p class='ocr_par' dir='ltr' id='par_1_11' title="bbox 0 0 1745 5390">
     <span class='ocr_line' id='line_1_38' title="bbox 0 0 1745 5390; baseline 0 0"><span class='ocrx_word' id='word_1_361' title='bbox 0 0 1745 5390; x_wconf 95' lang='lat' dir='ltr'><strong> </strong></span> 
     </span>
    </p>
   </div>
  </div>
 </body>
</html>
