3446 5396
851 485 1047 547 -154-

310 645 483 728 propterea
505 646 647 729 positum
671 651 727 723 est,
752 647 840 728 qnod
862 646 1015 710 mulieres
1038 648 1166 728 srcepics
1193 647 1356 711 sermones
1370 677 1374 685 ²
1389 646 1464 710 illo's
1500 646 1590 710 cudi-

311 759 437 816 verunt.
461 753 553 820 Idem
575 754 608 818 in
631 755 671 817 V.
698 757 760 818 122
787 753 842 818 ὅτε
866 755 1080 832 δὴ-ταύταις
1102 759 1172 832 ταῖς
1197 759 1337 834 τελεταῖς
1372 755 1432 820 οὐκ
1462 754 1588 835 ὠφέλει,

312 861 499 926 διέπλευσεν
520 861 566 938 εἰς
589 861 719 938 Αἴγιναν
745 881 837 940 „cum
861 861 943 924 nihil
965 861 1169 943 profuisset“.
1287 879 1289 888 ’

357 967 484 1043 Ἐπεί,
519 973 555 1030 ut
577 973 665 1032 recte
680 969 877 1034 observavit
900 968 1129 1032 Bechmcnnus
1158 969 1249 1051 (Lex.
1273 969 1330 1032 Ar.
1354 988 1439 1051 spec.
1474 989 1507 1052 p.
1545 968 1589 1052 9),

312 1073 352 1138 de
376 1077 521 1156 tempore
545 1072 601 1136 Ar.
626 1093 691 1136 non
713 1075 892 1156 usurpavit,
927 1075 987 1138 nisi
1022 1075 1078 1138 ubi
1113 1076 1280 1157 epicorum
1315 1074 1369 1138 rel
1392 1075 1590 1157 tragicorum

311 1199 491 1245 sermonem
515 1181 671 1258 imitatur,
697 1199 895 1263 quemquam
920 1181 977 1262 qui
1000 1181 1121 1244 iactum
1154 1183 1206 1260 sit,
1241 1187 1277 1245 ut
1312 1183 1412 1246 etiem
1435 1181 1489 1245 Fr.
1514 1183 1589 1258 403,

310 1289 368 1354 ubi
390 1287 482 1370 loqui
505 1289 661 1357 rusticum
684 1290 754 1374 ipsc
778 1288 937 1366 concedit,
974 1288 1088 1353 eodem
1111 1290 1254 1366 referret,
1279 1307 1344 1354 non
1369 1288 1521 1370 equidem
1543 1290 1591 1351 iu-

312 1397 440 1479 tellcgo,
465 1397 577 1478 itaque
599 1398 709 1479 potius
734 1396 905 1460 dicendum
930 1415 1055 1460 censeo:
1082 1399 1148 1462 ἐπεί
1172 1397 1260 1480 opud
1279 1397 1340 1461 ‘An
1365 1399 1426 1461 nisi
1449 1398 1505 1462 ubi
1526 1398 1590 1480 epi-

312 1524 423 1568 corum
459 1504 513 1568 vel
547 1505 745 1587 tragicorum
779 1521 961 1568 sermonem
996 1505 1151 1584 imitetur,
1184 1525 1250 1570 non
1284 1507 1424 1570 inveniri
1455 1512 1589 1588 excepto

311 1611 364 1674 Ilr.
389 1613 465 1690 4033
489 1612 547 1675 ubi
570 1613 709 1675 rusticus
731 1631 795 1676 non
818 1613 926 1675 minuc
950 1612 1060 1676 Attice
1083 1614 1237 1695 loquitur,
1271 1635 1368 1697 quom
1390 1613 1590 1698 Strepsicdes
1712 1619 1713 1630 ¹

312 1721 346 1783 iu
368 1719 409 1783 N.
435 1722 486 1803 60,
512 1721 572 1784 etsi
596 1721 721 1804 tragico
751 1719 843 1798 ὅπως
865 1699 977 1799 utitur,
1010 1722 1067 1784 vel
1102 1721 1312 1808 Dicaeopolis
1335 1725 1369 1786 in
1392 1723 1432 1786 A.
1460 1726 1511 1801 19,
1537 1723 1590 1803 qui

311 1828 408 1892 ὁπότε
433 1827 525 1905 dixit,
550 1828 638 1910 quod
662 1829 742 1893 olibi
765 1829 800 1890 in
824 1827 938 1892 eedem
963 1833 1201 1896 constructione
1230 1833 1317 1916 apud
1340 1832 1397 1895 Ar.
1411 1832 1487 1895 'non
1510 1828 1588 1914 legi-

312 1938 363 1997 tur
387 1933 476 2016 (ncm
498 1936 533 1998 in
556 1934 610 1998 Fr.
637 1927 699 1997 188
724 1954 762 1999 eo
788 1937 935 1999 excusari
958 1941 1075 2019 potest,
1101 1939 1188 2020 quod
1213 1942 1298 2004 actio
1321 1941 1462 2023 repetita
1486 1939 1557 2024 est).

343 2113 443 2182 Anu.
466 2113 559 2178 Mero
583 2116 772 2198 temporalis
796 2118 846 2180 vis
871 2118 1107 2185 coniunctionis
1139 2119 1192 2186 ὅτε
1228 2119 1275 2202 (et
1297 2119 1403 2201 ἡνίκα)
1440 2120 1591 2200 omnique

313 2245 430 2290 censae
454 2227 586 2290 notione
611 2242 726 2308 expers
750 2228 818 2288 tum
844 2224 1023 2289 clarissime
1047 2225 1162 2303 elucet,
1177 2246 1251 2290 cum
1264 2226 1422 2292 sententio
1443 2228 1592 2294 sublimo·
1714 2240 1715 2304 Τ

313 2340 348 2398 te
371 2333 413 2398 ad
437 2311 674 2398 cubctcntivum
706 2331 759 2397 vel
786 2331 985 2406 adiectivum
1015 2332 1061 2416 (a)
1092 2333 1147 2397 vel
1171 2333 1213 2398 ad
1237 2335 1340 2399 verbe
1361 2340 1539 2414 μεμνῆσθαι
1561 2341 1593 2400 ct

314 2442 429 2508 εἰδέναι
453 2440 502 2525 (b)
524 2441 674 2526 pertinet,
699 2440 757 2504 ubi
781 2440 970 2522 temporalis
993 2441 1154 2504 cententio
1176 2461 1241 2506 nou
1264 2440 1401 2506 multum
1425 2441 1535 2508 differt
1552 2444 1591 2508 ab

246 2618 249 2625 ,
315 2550 489 2627 obieclivo,
515 2553 571 2613 cut
595 2567 668 2610 oum
690 2547 855 2638 particule
877 2547 912 2610 iu
934 2547 1152 2612 locutionibus
1188 2550 1233 2627 ιίις
1268 2551 1321 2616 ὅτε
1352 2557 1385 2614 et
1407 2549 1446 2627 ἦν
1469 2549 1525 2614 ὅτε
1547 2549 1591 2632 (ο)

314 2659 488 2728 invenitur.
515 2657 547 2741 a)
570 2655 620 2724 Ac
642 2656 742 2738 primi
766 2653 899 2738 quidem
922 2656 1050 2738 generis
1075 2656 1225 2739 exemplo
1246 2657 1330 2720 haec
1349 2659 1431 2721 sunt:
1448 2655 1489 2720 V.
1508 2658 1588 2722 1201

314 2765 407 2832 ἐκεῖν’
433 2763 658 2842 ἀνδρειότατόν
681 2783 717 2839 γε
736 2767 800 2827 τῶν
824 2763 920 2842 ἐμῶν,
944 2762 991 2826 ὅτ’
1017 2763 1234 2842 Ἐργασίωνος
1257 2767 1314 2842 τὰς
1338 2765 1480 2843 χάρακας
1505 2766 1587 2844 ὑφει·

314 2875 425 2953 λόμην.
453 2874 548 2936 1206.
574 2871 647 2954 (Th.
673 2853 763 2954 478),
788 2871 845 2936 ubi
869 2871 922 2936 ὅτε
946 2871 1013 2936 fere
1040 2871 1167 2953 ,quod“
1192 2871 1291 2938 velet.
1316 2867 1354 2960 b)
1380 2853 1517 2936 Locutio
1543 2873 1586 2952 μί·

315 3003 431 3062 μνημαι
456 2981 509 3046 ὅτε
536 2981 689 3060 ,memini
714 2983 805 3044 cum“
833 2980 975 3042 occurrit
997 2980 1031 3044 in
1054 2979 1094 3043 V.
1121 2982 1194 3048 354.
1218 2979 1281 3044 Av.
1301 2983 1397 3058 1054,
1422 2980 1590 3059 ἀναμιμνή·

316 3105 432 3167 σκομαι
456 3087 509 3152 ὅτε
531 3086 571 3149 V.
597 3087 673 3163 449,
691 3086 765 3152 οίδα
781 3086 834 3152 ὅτε
849 3085 885 3151 L.
904 3088 999 3151 1138.
1020 3088 1115 3152 1150.
1136 3089 1231 3164 1251,
1249 3087 1322 3154 οἶδα
1338 3087 1429 3164 ἡνίκα
1442 3086 1501 3153 Ec.
1519 3087 1590 3152 819.

315 3195 346 3280 c)
370 3195 409 3258 ln
433 3194 677 3279 comparatione
702 3192 747 3271 ὡς
772 3191 827 3257 ὅτε
850 3193 970 3276 legitur
993 3194 1027 3258 in
1050 3195 1088 3260 E.
1115 3196 1190 3274 599,
1214 3194 1253 3274 ῆν
1278 3194 1332 3260 ὅτε
1358 3195 1441 3274 ,fuit
1469 3199 1592 3278 tempus

315 3306 407 3366 cum“
434 3302 493 3366 Ec.
522 3303 593 3366 188.

360 3425 522 3507 Ceterum,
547 3426 789 3496 coniunctiones
814 3427 882 3505 ὡς,
917 3428 1092 3507 ἐπειδή,
1129 3429 1229 3496 ἐπεί
1264 3430 1454 3511 saepissime
1482 3447 1591 3495 couca-

314 3537 380 3601 lem
403 3536 596 3601 sententium
620 3533 790 3600 ordiuntur
810 3535 863 3614 (cf.
886 3535 1088 3600 Bechmcnu.
1113 3535 1191 3602 Lex.
1216 3537 1273 3600 Ar.
1299 3535 1411 3620 spec),
1433 3541 1532 3618 utque
1548 3540 1593 3600 est

315 3645 373 3710 ubi
396 3644 469 3711 illac
491 3643 639 3709 notiones
662 3641 752 3706 houd
774 3642 871 3718 focile
896 3642 1069 3723 discernae,
1092 3649 1129 3707 ut
1164 3646 1196 3708 in
1223 3646 1264 3713 A.
1283 3647 1346 3709 218
1370 3645 1591 3722 corp-{uertit

316 3753 454 3832 στερρὸν
477 3752 539 3831 ἤδη
562 3751 683 3829 τοίιμὸν
716 3751 916 3829 ἀντικνήμιον
952 3755 1002 3818 καὶ
1036 3757 1161 3837 παλαιῷ
1196 3753 1390 3834 Λακρατείδῃ
1416 3753 1452 3816 τὸ
1477 3751 1592 3826 σκέλος

317 3859 494 3943 βαρύνεται,
518 3858 740 3940 οἴχεται-αμα
766 3878 839 3921 cum
862 3858 1029 3925 Brunckio
1062 3861 1273 3944 temporalem
1311 3861 1380 3924 vim
1412 3857 1593 3942 particulae

317 3969 435 4044 tribuo,
458 3966 694 4035 Bcchmcunue
711 3965 733 4029 l.
758 3968 1008 4034 c-oausalem

361 4093 470 4159 Etiam
507 4093 583 4160 ὅτε
617 4091 779 4156 interdum
803 4093 837 4156 in
862 4094 1026 4158 cerealem
1049 4095 1215 4158 notionem
1240 4096 1320 4174 ebit3
1342 4091 1400 4157 ced
1425 4112 1509 4174 quae
1533 4093 1595 4154 hcc

314 4205 479 4290 particule
502 4205 636 4270 effertur
659 4224 759 4267 causa
783 4203 908 4285 aliquid
933 4203 1062 4268 differre
1085 4203 1216 4266 videtur
1251 4201 1291 4268 ab
1326 4221 1375 4280 ee,
1413 4219 1497 4283 quae
1531 4201 1594 4262 illic

316 4314 542 4391 introducitur,
565 4314 778 4397 prorimeque
804 4311 858 4376 ὅτε
881 4314 945 4376 hoc
968 4330 1062 4374 sensu
1085 4311 1207 4376 dictum
1232 4312 1274 4374 cd
1299 4311 1324 4376 εἰ
1349 4310 1478 4374 causele
1501 4309 1546 4394 (v.
1562 4329 1593 4392 p.

318 4425 368 4496 90,
395 4423 430 4505 b)
455 4423 592 4487 accedit:
626 4441 691 4484 non
714 4421 800 4483 enim
823 4420 925 4502 ipsius
950 4421 1087 4483 actionis
1112 4439 1210 4483 causa
1235 4419 1377 4496 offertur,
1401 4415 1458 4481 sed
1482 4437 1522 4481 ex
1546 4436 1594 4492 eo,

317 4531 405 4612 quod
428 4531 622 4597 secundario
645 4529 804 4594 sententio
829 4529 1020 4608 continetur,
1049 4528 1224 4611 colligitur,
1248 4527 1331 4590 illud
1355 4545 1486 4609 quoque
1508 4530 1594 4589 recte

315 4639 503 4720 rehabere,
530 4638 617 4722 quod
639 4635 816 4721 principali
840 4636 1001 4700 efferetur.
1027 4636 1137 4700 Veluti
1162 4637 1196 4698 in
1230 4634 1269 4700 E.
1309 4637 1393 4698 1112
1431 4633 1530 4712 καλήν
1565 4631 1593 4708 γ’
