3446 5396
827 431 1024 491 *144-

454 617 773 682 Praesens⁸ct
813 618 1030 679 acrisius
1070 613 1395 680 corriunctivi.

334 763 372 825 In
396 759 527 842 opodosi
553 767 599 824 cst
623 760 838 846 imperativus.

319 863 370 932 Ῥ.
397 872 437 932 85
464 868 551 951 (lyr.)
577 871 817 952 ut-ffotacbs
841 868 1066 946 χώρει,-πρὶν
1090 867 1129 931 ἂν
1153 867 1231 950 ἰδίῃς
1256 869 1305 932 καὶ
1329 867 1485 949 διαλύσῃς
1509 865 1563 942 cp

290 983 377 1054 θρων
414 976 495 1054 ἶνας,
534 977 589 1039 nbi
624 976 795 1052 Porsonus,
830 974 983 1038 Dobraco
1021 980 1052 1037 et
1075 973 1248 1055 Blaydesio
1272 975 1438 1058 probatus,
1462 971 1566 1056 ἰδίσῃς

286 1085 445 1147 aoristunl
469 1083 583 1145 voluit.
608 1082 683 1145 Non
706 1089 804 1174 recte,
829 1101 901 1144 meo
927 1081 1059 1162 quidem
1083 1081 1211 1146 iudicio:
1236 1102 1311 1146 nam
1335 1081 1422 1164 quod
1439 1081 1519 1146 alibi
1532 1088 1566 1146 et

291 1191 407 1279 comici
423 1197 454 1254 et
479 1191 593 1274 tragici
619 1192 774 1253 aoristum
788 1191 946 1270 conipost
959 1189 1031 1266 πρίν
1044 1173 1176 1272 ponunt,
1189 1209 1253 1252 non
1263 1191 1378 1266 obstat,
1393 1188 1564 1272 quominus

291 1300 352 1361 hoc
387 1317 451 1360 uno
487 1297 559 1361 loco
595 1317 748 1378 praesens
783 1301 948 1379 ponatun,
970 1296 1120 1362 similiter
1143 1297 1205 1376 ἕως
1230 1297 1269 1362 ἄν
1292 1317 1385 1362 sensu
1413 1296 1560 1378 „quoad“

291 1404 390 1468 semel
415 1423 488 1466 cum
509 1397 616 1485 praes.
643 1405 726 1465 coni.
752 1403 959 1466 coniunctum
984 1410 1032 1465 est
1055 1402 1094 1464 V.
1123 1407 1217 1481 1441;
1241 1410 1413 1486 praeterea
1430 1405 1467 1466 cl'.
1486 1401 1564 1468 Cra—

290 1513 350 1576 tini
373 1513 486 1594 fragm.
514 1511 553 1570 ‘29
579 1509 618 1572 K.
643 1513 717 1587 πρὶν
740 1513 891 1588 παροῦσα
918 1511 1062 1593 διδάσκῃ,
1086 1509 1154 1574 Nec
1180 1513 1283 1594 magis
1308 1531 1442 1574 moveor
1465 1510 1563 1592 Blay-
1627 1536 1630 1545 ¹

291 1617 371 1680 desii
392 1619 529 1702 ratione
555 1617 608 1680 cui
632 1616 822 1679 scholiastes
858 1635 987 1696 quoque
1023 1619 1177 1680 aoristum
1204 1619 1319 1700 legisse
1343 1617 1483 1693 videtur,
1508 1618 1565 1702 qui

290 1721 371 1789 illud
406 1745 464 1807 per
499 1727 642 1808 ἱδρώσῃς
679 1724 827 1806 explicet:
867 1731 899 1787 at
923 1723 1010 1788 idem
1034 1726 1223 1792 scholiastes
1248 1729 1287 1804 μὴ
1311 1729 1385 1791 πνεῖ
1408 1728 1442 1788 in
1465 1744 1497 1788 v.
1523 1728 1563 1794 at

291 1852 358 1896 csse
383 1836 422 1910 μὴ
449 1826 567 1914 βδέσῃς
591 1834 830 1914 interpretatur.
855 1832 1005 1912 Denique
1030 1833 1131 1898 multo
1155 1833 1282 1900 facilius
1306 1833 1457 1896 librarios
1485 1833 1565 1916 ἰδίῃς

291 1943 323 2002 in
347 1940 449 2023 ἰδίσῃς
474 1945 606 2020 propter
629 1945 816 2019 sequentem
842 1941 997 2002 aoristum
1021 1945 1200 2017 mutaturos
1224 1940 1321 2020 fuisse
1345 1945 1434 2023 puto,
1468 1959 1567 2020 quain

292 2053 404 2114 contra
426 2050 451 2108 *.

587 2158 622 2244 a)
651 2151 965 2226 ENUNTIATUM
992 2140 1262 2240 cannales,

291 2331 390 2385 unuin
426 2310 520 2384 huius
555 2311 692 2390 generis,
716 2311 750 2378 in
767 2310 896 2388 protasi
920 2309 1019 2374 habet
1043 2309 1195 2374 caratoni
1218 2309 1307 2386 cotti,
1331 2307 1364 2372 in
1390 2305 1568 2387 apostost-

286 2436 441 2498 procsens
463 2415 531 2485 ind.

335 2526 374 2588 V.
401 2526 463 2588 519
490 2524 570 2606 (au.)
597 2523 655 2586 οὐκ
681 2523 866 2602 ἀποφεύγει,
887 2525 961 2601 πρὶν
986 2524 1154 2608 ἂν-εῖπῃ,

335 2947 338 2956 Ι
403 2923 404 2926 ,
488 2853 523 2922 Β.
549 2852 796 2922 [nuntiationes
818 2855 1029 2943 temporales,
1054 2855 1192 2942 optativo
1216 2855 1371 2931 prolatae.

338 3020 375 3081 ln
395 3021 560 3082 sententiis
577 3020 810 3099 temporalibus
835 3022 973 3103 optativi
998 3041 1081 3095 usus,
1107 3023 1197 3082 utin
1223 3020 1478 3097 condicionibus,
1510 3022 1567 3084 du-

293 3127 369 3208 plex
394 3133 450 3190 est:
475 3129 616 3210 primum
641 3129 726 3190 enim
750 3130 915 3210 optativus
939 3129 1080 3210 ponitur,
1110 3129 1136 3189 si
1162 3129 1246 3190 actio
1271 3129 1430 3190 enuntiati
1454 3147 1567 3191 secun-

295 3233 379 3296 darii
403 3234 444 3296 ad
468 3235 610 3296 futurum
633 3236 781 3316 pertinet:
808 3235 925 3300 deinde
950 3236 1114 3317 optativus
1137 3237 1277 3318 ponitur,
1301 3237 1357 3317 qui
1372 3242 1421 3299 est
1436 3237 1470 3298 in
1487 3242 1567 3300 tem-

293 3345 461 3427 poralibus
484 3348 651 3410 sententiis
674 3347 769 3429 longe
793 3348 1067 3428 frequentissimus
1092 3348 1160 3410 eius
1184 3367 1267 3423 usus,
1293 3347 1318 3410 si
1342 3349 1376 3408 in
1400 3349 1566 3412 enuntiato

294 3454 485 3518 secundario
511 3457 595 3519 actio
619 3457 797 3538 praeterita
828 3457 957 3538 saepius
980 3457 1119 3537 repetita
1143 3455 1352 3537 significatur.

328 3561 414 3645 ¹Ipsa
432 3564 614 3640 enuntiata,
640 3565 794 3643 quoniam
818 3563 889 3641 πρίν
925 3583 996 3626 curn
1016 3562 1174 3643 optativo
1199 3578 1357 3642 nusquam
1381 3561 1509 3644 legitur,
1535 3566 1567 3626 in

295 3669 374 3733 duas
397 3676 506 3752 partes
531 3669 651 3745 divido,
678 3689 814 3751 quarum
839 3670 880 3734 ad
905 3671 1040 3733 alteram
1057 3669 1161 3732 resero
1187 3687 1337 3748 eaquae
1362 3688 1381 3730 a
1403 3670 1580 3750 particula¹

295 3797 375 3854 cont,
400 3777 441 3840 ad
466 3776 602 3840 alteram
627 3797 676 3854 ea,
702 3798 784 3860 quae
810 3802 829 3840 a
852 3778 1013 3860 particula
1038 3777 1113 3840 dom
1139 3777 1306 3839 ducuntur.

480 3962 505 4016 1.
526 3961 728 4050 Enunttata,
747 3977 835 4030 quas
856 3977 875 4020 a
894 3939 1071 4032 particula
1091 3977 1169 4019 oum
1191 3965 1376 4020 ducuntur.

332 4121 403 4183 'Ex
432 4117 617 4200 partisidia
653 4138 719 4180 cnm
761 4120 1027 4201 significantibus,
1070 4121 1099 4180 in
1141 4122 1201 4181 troc
1240 4138 1356 4200 genere
1396 4119 1567 4182 sententia-

296 4250 365 4290 runr
405 4235 469 4291 tres
502 4230 705 4309 usurpantur:
742 4226 881 4292 ὁπότε
921 4231 956 4288 11
995 4227 1083 4288 locis:
1121 4227 1157 4294 E.
1187 4228 1280 4288 1340.
1309 4229 1402 4287 1344.
1428 4223 1468 4286 N.
1495 4227 1567 4286 770.

296 4336 334 4398 V.
362 4339 435 4400 279.
459 4336 522 4400 Av.
550 4339 622 4398 505.
650 4337 722 4396 512.
749 4335 804 4395 Ec
833 4338 883 4396 02.
911 4338 961 4395 cb.
988 4334 1037 4396 Pl.
1067 4335 1159 4397 1019.
1183 4335 1275 4396 1139.
1294 4336 1388 4410 1145,
1406 4333 1579 4408 ἐπειδή·

297 4447 314 4504 2
340 4442 429 4506 iocis:
455 4442 494 4505 A.
522 4445 595 4505 637.
621 4439 660 4504 R.
687 4443 761 4518 923,
787 4443 862 4505 ὅτε
890 4446 903 4502 1
931 4442 1014 4504 loco:
1040 4443 1096 4508 Ec,
1123 4443 1196 4502 270.

296 4562 611 4577 Q—--un-ooua-h——oss

331 4619 445 4673 *Hunc
464 4619 557 4673 locum
577 4627 604 4673 st
625 4617 766 4673 Proussus
786 4618 969 4686 praetervidit
990 4627 1017 4673 et
1037 4621 1084 4686 qui
1104 4620 1164 4672 eius
1185 4619 1301 4673 materie
1316 4618 1405 4670 utitor
1422 4617 1569 4674 sturmius.
