<?xml version="1.0" encoding="UTF-8"?>
<!DOCTYPE html PUBLIC "-//W3C//DTD XHTML 1.0 Transitional//EN"
    "http://www.w3.org/TR/xhtml1/DTD/xhtml1-transitional.dtd">
<html xmlns="http://www.w3.org/1999/xhtml" xml:lang="en" lang="en">
 <head>
  <title>
</title>
<meta http-equiv="Content-Type" content="text/html;charset=utf-8" />
  <meta name='ocr-system' content='tesseract 3.04.00' />
  <meta name='ocr-capabilities' content='ocr_page ocr_carea ocr_par ocr_line ocrx_word'/>
</head>
<body>
  <div class='ocr_page' id='page_1' title='image "./syntaxisaristop00sobogoog_0135.png"; bbox 0 0 3468 5390; ppageno 0'>
   <div class='ocr_carea' id='block_1_1' title="bbox 854 438 1055 499">
    <p class='ocr_par' dir='ltr' id='par_1_1' title="bbox 854 438 1055 499">
     <span class='ocr_line' id='line_1_1' title="bbox 854 438 1055 499; baseline -0.005 0"><span class='ocrx_word' id='word_1_1' title='bbox 854 438 1055 499; x_wconf 87' lang='lat'>-120-</span> 
     </span>
    </p>
   </div>
   <div class='ocr_carea' id='block_1_2' title="bbox 307 592 1589 1321">
    <p class='ocr_par' dir='ltr' id='par_1_2' title="bbox 307 592 1589 1321">
     <span class='ocr_line' id='line_1_2' title="bbox 351 592 1584 677; baseline -0.002 -15"><span class='ocrx_word' id='word_1_2' title='bbox 351 595 403 662; x_wconf 95' lang='grc' dir='ltr'>Ρ1.</span> <span class='ocrx_word' id='word_1_3' title='bbox 430 598 492 661; x_wconf 93' lang='grc'>119</span> <span class='ocrx_word' id='word_1_4' title='bbox 517 595 603 662; x_wconf 87' lang='lat' dir='ltr'>libri:</span> <span class='ocrx_word' id='word_1_5' title='bbox 628 596 647 662; x_wconf 88' lang='grc' dir='ltr'>ὁ</span> <span class='ocrx_word' id='word_1_6' title='bbox 671 597 753 676; x_wconf 86' lang='grc' dir='ltr'>Ζεὺς</span> <span class='ocrx_word' id='word_1_7' title='bbox 777 600 833 677; x_wconf 78' lang='grc' dir='ltr'>μἐν</span> <span class='ocrx_word' id='word_1_8' title='bbox 858 596 917 663; x_wconf 84' lang='grc' dir='ltr'>οὖν</span> <span class='ocrx_word' id='word_1_9' title='bbox 942 598 1035 676; x_wconf 80' lang='grc' dir='ltr'>εἰδὼς</span> <span class='ocrx_word' id='word_1_10' title='bbox 1055 599 1094 662; x_wconf 87' lang='grc' dir='ltr'>τὰ</span> <span class='ocrx_word' id='word_1_11' title='bbox 1116 595 1241 662; x_wconf 88' lang='grc' dir='ltr'>τούτων</span> <span class='ocrx_word' id='word_1_12' title='bbox 1264 598 1343 676; x_wconf 84' lang='grc' dir='ltr'>μῶρ’</span> <span class='ocrx_word' id='word_1_13' title='bbox 1362 592 1410 675; x_wconf 86' lang='grc' dir='ltr'>ἔμ’</span> <span class='ocrx_word' id='word_1_14' title='bbox 1427 596 1454 661; x_wconf 83' lang='lat' dir='ltr'>el</span> <span class='ocrx_word' id='word_1_15' title='bbox 1466 593 1584 661; x_wconf 83' lang='grc' dir='ltr'>πύθοιτ’</span> 
     </span>
     <span class='ocr_line' id='line_1_3' title="bbox 309 701 1586 787; baseline -0.003 -18"><span class='ocrx_word' id='word_1_16' title='bbox 309 703 349 770; x_wconf 80' lang='grc' dir='ltr'>ἂν</span> <span class='ocrx_word' id='word_1_17' title='bbox 372 705 552 784; x_wconf 83' lang='grc' dir='ltr'>ἐπιτρίψειε.</span> <span class='ocrx_word' id='word_1_18' title='bbox 575 703 733 768; x_wconf 86' lang='lat' dir='ltr'>Valsenus</span> <span class='ocrx_word' id='word_1_19' title='bbox 755 723 815 787; x_wconf 92' lang='lat' dir='ltr'>pro</span> <span class='ocrx_word' id='word_1_20' title='bbox 840 703 887 782; x_wconf 85' lang='grc' dir='ltr'>ἔμ’</span> <span class='ocrx_word' id='word_1_21' title='bbox 912 704 939 769; x_wconf 87' lang='grc' dir='ltr'>εἰ</span> <span class='ocrx_word' id='word_1_22' title='bbox 953 702 1078 768; x_wconf 84' lang='grc' dir='ltr'>πύθοιτ’</span> <span class='ocrx_word' id='word_1_23' title='bbox 1100 705 1185 767; x_wconf 89' lang='lat' dir='ltr'>iusto</span> <span class='ocrx_word' id='word_1_24' title='bbox 1209 704 1383 768; x_wconf 79' lang='lat' dir='ltr'>violentius</span> <span class='ocrx_word' id='word_1_25' title='bbox 1411 701 1509 767; x_wconf 88' lang='lat' dir='ltr'>dedit:</span> <span class='ocrx_word' id='word_1_26' title='bbox 1534 703 1586 778; x_wconf 81' lang='grc' dir='ltr'>ἐμὲ</span> 
     </span>
     <span class='ocr_line' id='line_1_4' title="bbox 308 808 1583 894; baseline -0.005 -14"><span class='ocrx_word' id='word_1_27' title='bbox 308 808 458 894; x_wconf 69' lang='lat' dir='ltr'>stipor.</span> <span class='ocrx_word' id='word_1_28' title='bbox 483 811 617 876; x_wconf 84' lang='grc'><strong>161666</strong></span> <span class='ocrx_word' id='word_1_29' title='bbox 640 810 778 875; x_wconf 88' lang='lat' dir='ltr'>multum</span> <span class='ocrx_word' id='word_1_30' title='bbox 800 815 919 876; x_wconf 85' lang='lat' dir='ltr'>vexato</span> <span class='ocrx_word' id='word_1_31' title='bbox 943 811 1044 875; x_wconf 91' lang='lat' dir='ltr'>nolim</span> <span class='ocrx_word' id='word_1_32' title='bbox 1067 810 1124 875; x_wconf 91' lang='lat' dir='ltr'>diu</span> <span class='ocrx_word' id='word_1_33' title='bbox 1148 813 1282 889; x_wconf 77' lang='grc'><strong>6666661,</strong></span> <span class='ocrx_word' id='word_1_34' title='bbox 1305 831 1380 876; x_wconf 91' lang='lat' dir='ltr'>cum</span> <span class='ocrx_word' id='word_1_35' title='bbox 1395 811 1583 894; x_wconf 85' lang='lat' dir='ltr'>praesertim</span> 
     </span>
     <span class='ocr_line' id='line_1_5' title="bbox 307 917 1587 1016; baseline -0.004 -31"><span class='ocrx_word' id='word_1_36' title='bbox 307 920 432 985; x_wconf 90' lang='lat' dir='ltr'>nullam</span> <span class='ocrx_word' id='word_1_37' title='bbox 441 938 546 1016; x_wconf 47' lang='lat' dir='ltr'>‚spem</span> <span class='ocrx_word' id='word_1_38' title='bbox 568 919 711 985; x_wconf 82' lang='lat' dir='ltr'><strong>habeam</strong></span> <span class='ocrx_word' id='word_1_39' title='bbox 733 919 880 998; x_wconf 89' lang='lat' dir='ltr'>sanandi;</span> <span class='ocrx_word' id='word_1_40' title='bbox 905 917 1050 983; x_wconf 89' lang='lat' dir='ltr'>sednon</span> <span class='ocrx_word' id='word_1_41' title='bbox 1072 938 1204 1002; x_wconf 91' lang='lat' dir='ltr'>possum</span> <span class='ocrx_word' id='word_1_42' title='bbox 1226 939 1293 983; x_wconf 89' lang='lat' dir='ltr'>non</span> <span class='ocrx_word' id='word_1_43' title='bbox 1306 919 1587 1003; x_wconf 82' lang='lat' dir='ltr'>prolerrelenissi-</span> 
     </span>
     <span class='ocr_line' id='line_1_6' title="bbox 307 1023 1588 1110; baseline -0.003 -18"><span class='ocrx_word' id='word_1_44' title='bbox 307 1049 397 1092; x_wconf 83' lang='lat' dir='ltr'>mam</span> <span class='ocrx_word' id='word_1_45' title='bbox 421 1027 666 1110; x_wconf 72' lang='lat' dir='ltr'><strong>correctionem,</strong></span> <span class='ocrx_word' id='word_1_46' title='bbox 692 1045 776 1109; x_wconf 87' lang='lat' dir='ltr'>quae</span> <span class='ocrx_word' id='word_1_47' title='bbox 798 1026 882 1090; x_wconf 86' lang='lat' dir='ltr'>milri</span> <span class='ocrx_word' id='word_1_48' title='bbox 904 1027 939 1089; x_wconf 91' lang='lat' dir='ltr'>in</span> <span class='ocrx_word' id='word_1_49' title='bbox 960 1029 1104 1090; x_wconf 89' lang='lat' dir='ltr'>mentem</span> <span class='ocrx_word' id='word_1_50' title='bbox 1123 1026 1224 1106; x_wconf 84' lang='lat' dir='ltr'>venit:</span> <span class='ocrx_word' id='word_1_51' title='bbox 1249 1025 1378 1107; x_wconf 89' lang='lat' dir='ltr'>quidsi</span> <span class='ocrx_word' id='word_1_52' title='bbox 1399 1042 1460 1108; x_wconf 92' lang='lat' dir='ltr'>pro</span> <span class='ocrx_word' id='word_1_53' title='bbox 1496 1023 1588 1102; x_wconf 79' lang='grc' dir='ltr'>εἰδώς</span> 
     </span>
     <span class='ocr_line' id='line_1_7' title="bbox 307 1127 1587 1219; baseline -0.008 -17"><span class='ocrx_word' id='word_1_54' title='bbox 307 1151 503 1219; x_wconf 79' lang='lat' dir='ltr'><strong>reponamus</strong></span> <span class='ocrx_word' id='word_1_55' title='bbox 526 1131 648 1198; x_wconf 79' lang='grc' dir='ltr'><strong>εἰδότ62</strong></span> <span class='ocrx_word' id='word_1_56' title='bbox 672 1131 760 1215; x_wconf 91' lang='lat' dir='ltr'>quod</span> <span class='ocrx_word' id='word_1_57' title='bbox 782 1137 918 1215; x_wconf 92' lang='lat' dir='ltr'>propter</span> <span class='ocrx_word' id='word_1_58' title='bbox 940 1131 1126 1214; x_wconf 84' lang='lat' dir='ltr'>proximum</span> <span class='ocrx_word' id='word_1_59' title='bbox 1147 1135 1187 1196; x_wconf 87' lang='grc' dir='ltr'>τά</span> <span class='ocrx_word' id='word_1_60' title='bbox 1221 1132 1255 1194; x_wconf 91' lang='grc'>16</span> <span class='ocrx_word' id='word_1_61' title='bbox 1290 1131 1356 1195; x_wconf 76' lang='lat' dir='ltr'>eido</span> <span class='ocrx_word' id='word_1_62' title='bbox 1386 1127 1587 1194; x_wconf 88' lang='lat' dir='ltr'>decurtatum</span> 
     </span>
     <span class='ocr_line' id='line_1_8' title="bbox 308 1237 1589 1321; baseline -0.005 -14"><span class='ocrx_word' id='word_1_63' title='bbox 308 1242 405 1308; x_wconf 84' lang='lat' dir='ltr'>facile</span> <span class='ocrx_word' id='word_1_64' title='bbox 429 1239 474 1305; x_wconf 86' lang='lat' dir='ltr'>ad</span> <span class='ocrx_word' id='word_1_65' title='bbox 495 1241 578 1319; x_wconf 84' lang='grc' dir='ltr'>Ζεύς</span> <span class='ocrx_word' id='word_1_66' title='bbox 602 1238 846 1303; x_wconf 77' lang='lat' dir='ltr'>accomodari</span> <span class='ocrx_word' id='word_1_67' title='bbox 867 1237 985 1321; x_wconf 87' lang='lat' dir='ltr'>potuit:</span> <span class='ocrx_word' id='word_1_68' title='bbox 1013 1237 1183 1321; x_wconf 77' lang='lat' dir='ltr'>„luppiter</span> <span class='ocrx_word' id='word_1_69' title='bbox 1205 1239 1232 1301; x_wconf 90' lang='lat' dir='ltr'>si</span> <span class='ocrx_word' id='word_1_70' title='bbox 1255 1257 1308 1301; x_wconf 91' lang='lat' dir='ltr'>me</span> <span class='ocrx_word' id='word_1_71' title='bbox 1333 1242 1510 1320; x_wconf 80' lang='lat' dir='ltr'>cognoscat</span> <span class='ocrx_word' id='word_1_72' title='bbox 1531 1238 1589 1300; x_wconf 94' lang='lat' dir='ltr'>ho·</span> 
     </span>
    </p>
   </div>
   <div class='ocr_carea' id='block_1_3' title="bbox 182 1339 1589 1428">
    <p class='ocr_par' dir='ltr' id='par_1_3' title="bbox 182 1339 1589 1428">
     <span class='ocr_line' id='line_1_9' title="bbox 182 1339 1589 1428; baseline -0.006 -14"><span class='ocrx_word' id='word_1_73' title='bbox 182 1371 184 1376; x_wconf 91' lang='lat'>·</span> <span class='ocrx_word' id='word_1_74' title='bbox 307 1367 380 1413; x_wconf 88' lang='lat' dir='ltr'>rum</span> <span class='ocrx_word' id='word_1_75' title='bbox 404 1347 503 1412; x_wconf 86' lang='lat' dir='ltr'>stulta</span> <span class='ocrx_word' id='word_1_76' title='bbox 526 1344 664 1410; x_wconf 85' lang='lat' dir='ltr'>consilia</span> <span class='ocrx_word' id='word_1_77' title='bbox 697 1345 790 1424; x_wconf 88' lang='lat' dir='ltr'>scire,</span> <span class='ocrx_word' id='word_1_78' title='bbox 825 1345 954 1428; x_wconf 88' lang='lat' dir='ltr'>penitus</span> <span class='ocrx_word' id='word_1_79' title='bbox 988 1344 1271 1428; x_wconf 82' lang='lat' dir='ltr'>perdat“.—Scd</span> <span class='ocrx_word' id='word_1_80' title='bbox 1306 1363 1379 1408; x_wconf 90' lang='lat' dir='ltr'>cum</span> <span class='ocrx_word' id='word_1_81' title='bbox 1411 1339 1589 1408; x_wconf 80' lang='lat' dir='ltr'>editoribus</span> 
     </span>
    </p>
   </div>
   <div class='ocr_carea' id='block_1_4' title="bbox 307 1451 1589 1538">
    <p class='ocr_par' dir='ltr' id='par_1_4' title="bbox 307 1451 1589 1538">
     <span class='ocr_line' id='line_1_10' title="bbox 307 1451 1589 1538; baseline -0.006 -18"><span class='ocrx_word' id='word_1_82' title='bbox 307 1455 374 1520; x_wconf 82' lang='lat' dir='ltr'>fere</span> <span class='ocrx_word' id='word_1_83' title='bbox 399 1455 548 1519; x_wconf 88' lang='lat' dir='ltr'>omnibus</span> <span class='ocrx_word' id='word_1_84' title='bbox 572 1452 740 1538; x_wconf 86' lang='lat' dir='ltr'>(Bergkio,</span> <span class='ocrx_word' id='word_1_85' title='bbox 763 1452 947 1530; x_wconf 87' lang='lat' dir='ltr'>Meinekeo‚</span> <span class='ocrx_word' id='word_1_86' title='bbox 982 1451 1164 1531; x_wconf 88' lang='lat' dir='ltr'>Dindorfio‚</span> <span class='ocrx_word' id='word_1_87' title='bbox 1196 1451 1385 1535; x_wconf 79' lang='lat' dir='ltr'>Blaydcsio)</span> <span class='ocrx_word' id='word_1_88' title='bbox 1418 1451 1589 1515; x_wconf 87' lang='lat' dir='ltr'>lectionem</span> 
     </span>
    </p>
   </div>
   <div class='ocr_carea' id='block_1_5' title="bbox 308 1557 1716 1965">
    <p class='ocr_par' dir='ltr' id='par_1_5' title="bbox 308 1557 1716 1965">
     <span class='ocr_line' id='line_1_11' title="bbox 309 1557 1716 1642; baseline -0.006 -15"><span class='ocrx_word' id='word_1_89' title='bbox 309 1561 372 1627; x_wconf 77' lang='grc' dir='ltr'><strong>οἷδ’</strong></span> <span class='ocrx_word' id='word_1_90' title='bbox 397 1561 462 1640; x_wconf 85' lang='grc' dir='ltr'><strong>ὡς,·</strong></span> <span class='ocrx_word' id='word_1_91' title='bbox 478 1577 578 1642; x_wconf 84' lang='lat' dir='ltr'>quam</span> <span class='ocrx_word' id='word_1_92' title='bbox 599 1558 634 1622; x_wconf 91' lang='grc'>16</span> <span class='ocrx_word' id='word_1_93' title='bbox 655 1559 804 1641; x_wconf 79' lang='lat' dir='ltr'>margine</span> <span class='ocrx_word' id='word_1_94' title='bbox 828 1557 951 1622; x_wconf 90' lang='lat' dir='ltr'>codicis</span> <span class='ocrx_word' id='word_1_95' title='bbox 975 1559 1144 1624; x_wconf 91' lang='lat' dir='ltr'>cuiusdam</span> <span class='ocrx_word' id='word_1_96' title='bbox 1167 1560 1273 1624; x_wconf 84' lang='lat' dir='ltr'>ierunt</span> <span class='ocrx_word' id='word_1_97' title='bbox 1297 1558 1448 1636; x_wconf 87' lang='lat' dir='ltr'>inveniri,</span> <span class='ocrx_word' id='word_1_98' title='bbox 1470 1558 1591 1641; x_wconf 89' lang='lat' dir='ltr'>proba·</span> <span class='ocrx_word' id='word_1_99' title='bbox 1715 1585 1716 1640; x_wconf 67' lang='lat'>3</span> 
     </span>
     <span class='ocr_line' id='line_1_12' title="bbox 308 1641 1716 1748; baseline -0.006 -14"><span class='ocrx_word' id='word_1_100' title='bbox 308 1677 376 1734; x_wconf 87' lang='lat' dir='ltr'>tam</span> <span class='ocrx_word' id='word_1_101' title='bbox 400 1686 469 1732; x_wconf 89' lang='lat' dir='ltr'>esse</span> <span class='ocrx_word' id='word_1_102' title='bbox 492 1665 635 1742; x_wconf 85' lang='lat' dir='ltr'>videam,</span> <span class='ocrx_word' id='word_1_103' title='bbox 660 1664 701 1729; x_wconf 91' lang='lat' dir='ltr'>dc</span> <span class='ocrx_word' id='word_1_104' title='bbox 724 1664 788 1728; x_wconf 91' lang='lat' dir='ltr'>hac</span> <span class='ocrx_word' id='word_1_105' title='bbox 811 1666 926 1748; x_wconf 80' lang='lat' dir='ltr'>paucis</span> <span class='ocrx_word' id='word_1_106' title='bbox 949 1667 1176 1748; x_wconf 86' lang='lat' dir='ltr'>&#39;exponendum</span> <span class='ocrx_word' id='word_1_107' title='bbox 1200 1683 1326 1730; x_wconf 90' lang='lat' dir='ltr'>censeo.</span> <span class='ocrx_word' id='word_1_108' title='bbox 1350 1665 1423 1730; x_wconf 91' lang='lat' dir='ltr'>Hoc</span> <span class='ocrx_word' id='word_1_109' title='bbox 1447 1665 1506 1729; x_wconf 85' lang='lat' dir='ltr'>Ar.</span> <span class='ocrx_word' id='word_1_110' title='bbox 1536 1664 1593 1726; x_wconf 85' lang='lat' dir='ltr'>vix</span> <span class='ocrx_word' id='word_1_111' title='bbox 1715 1641 1716 1692; x_wconf 67' lang='lat' dir='ltr'>l</span> 
     </span>
     <span class='ocr_line' id='line_1_13' title="bbox 309 1771 1592 1859; baseline -0.003 -19"><span class='ocrx_word' id='word_1_112' title='bbox 309 1777 452 1840; x_wconf 90' lang='lat' dir='ltr'>scribere</span> <span class='ocrx_word' id='word_1_113' title='bbox 473 1773 591 1859; x_wconf 89' lang='lat' dir='ltr'>potuit.</span> <span class='ocrx_word' id='word_1_114' title='bbox 615 1771 702 1836; x_wconf 90' lang='grc' dir='ltr'><strong>Ν66ι</strong></span> <span class='ocrx_word' id='word_1_115' title='bbox 725 1773 772 1851; x_wconf 86' lang='grc' dir='ltr'>ὡς</span> <span class='ocrx_word' id='word_1_116' title='bbox 793 1777 869 1856; x_wconf 85' lang='lat' dir='ltr'>post</span> <span class='ocrx_word' id='word_1_117' title='bbox 890 1793 923 1836; x_wconf 86' lang='lat' dir='ltr'>v.</span> <span class='ocrx_word' id='word_1_118' title='bbox 948 1772 1022 1839; x_wconf 81' lang='grc' dir='ltr'>οἰδα</span> <span class='ocrx_word' id='word_1_119' title='bbox 1044 1774 1244 1838; x_wconf 89' lang='lat' dir='ltr'>rarissimum</span> <span class='ocrx_word' id='word_1_120' title='bbox 1268 1779 1325 1839; x_wconf 88' lang='lat' dir='ltr'>est:</span> <span class='ocrx_word' id='word_1_121' title='bbox 1357 1776 1376 1836; x_wconf 99' lang='grc'>6</span> <span class='ocrx_word' id='word_1_122' title='bbox 1401 1775 1488 1838; x_wconf 88' lang='lat' dir='ltr'>enim</span> <span class='ocrx_word' id='word_1_123' title='bbox 1511 1773 1592 1836; x_wconf 88' lang='lat' dir='ltr'>locis</span> 
     </span>
     <span class='ocr_line' id='line_1_14' title="bbox 309 1865 1716 1965; baseline -0.002 -19"><span class='ocrx_word' id='word_1_124' title='bbox 309 1887 435 1946; x_wconf 85' lang='lat' dir='ltr'>tantum</span> <span class='ocrx_word' id='word_1_125' title='bbox 458 1882 610 1959; x_wconf 86' lang='lat' dir='ltr'>occurrit,</span> <span class='ocrx_word' id='word_1_126' title='bbox 635 1897 773 1962; x_wconf 88' lang='lat' dir='ltr'>quorum</span> <span class='ocrx_word' id='word_1_127' title='bbox 797 1883 815 1944; x_wconf 86' lang='lat'>5</span> <span class='ocrx_word' id='word_1_128' title='bbox 839 1901 906 1945; x_wconf 89' lang='lat' dir='ltr'>non</span> <span class='ocrx_word' id='word_1_129' title='bbox 921 1882 1060 1946; x_wconf 79' lang='lat' dir='ltr'>trimetri</span> <span class='ocrx_word' id='word_1_130' title='bbox 1075 1887 1158 1946; x_wconf 90' lang='lat' dir='ltr'>sunt:</span> <span class='ocrx_word' id='word_1_131' title='bbox 1174 1881 1216 1946; x_wconf 85' lang='lat' dir='ltr'>N.</span> <span class='ocrx_word' id='word_1_132' title='bbox 1231 1883 1297 1945; x_wconf 89' lang='grc'>468</span> <span class='ocrx_word' id='word_1_133' title='bbox 1315 1881 1415 1965; x_wconf 74' lang='lat' dir='ltr'>(lyr).</span> <span class='ocrx_word' id='word_1_134' title='bbox 1432 1882 1497 1943; x_wconf 95' lang='grc'>626</span> <span class='ocrx_word' id='word_1_135' title='bbox 1515 1879 1594 1963; x_wconf 79' lang='lat' dir='ltr'>(tn).</span> <span class='ocrx_word' id='word_1_136' title='bbox 1715 1865 1716 1882; x_wconf 44' lang='lat'><strong>³</strong></span> 
     </span>
    </p>
   </div>
   <div class='ocr_carea' id='block_1_6' title="bbox 308 1987 1717 2073">
    <p class='ocr_par' dir='ltr' id='par_1_6' title="bbox 308 1987 1717 2073">
     <span class='ocr_line' id='line_1_15' title="bbox 308 1987 1717 2073; baseline 0.001 -22"><span class='ocrx_word' id='word_1_137' title='bbox 308 1988 349 2052; x_wconf 87' lang='lat' dir='ltr'>V.</span> <span class='ocrx_word' id='word_1_138' title='bbox 375 1989 438 2052; x_wconf 86' lang='grc'>636</span> <span class='ocrx_word' id='word_1_139' title='bbox 465 1988 552 2072; x_wconf 87' lang='lat' dir='ltr'>(tetr.</span> <span class='ocrx_word' id='word_1_140' title='bbox 576 1987 701 2070; x_wconf 71' lang='lat' dir='ltr'>iamt).</span> <span class='ocrx_word' id='word_1_141' title='bbox 729 1990 814 2050; x_wconf 92' lang='grc'><strong>1337</strong></span> <span class='ocrx_word' id='word_1_142' title='bbox 839 1988 939 2073; x_wconf 72' lang='lat' dir='ltr'>(lym).</span> <span class='ocrx_word' id='word_1_143' title='bbox 964 1988 1028 2053; x_wconf 86' lang='lat' dir='ltr'>Av.</span> <span class='ocrx_word' id='word_1_144' title='bbox 1054 1990 1116 2052; x_wconf 90' lang='grc'>606</span> <span class='ocrx_word' id='word_1_145' title='bbox 1146 1989 1237 2073; x_wconf 81' lang='lat' dir='ltr'>(am),</span> <span class='ocrx_word' id='word_1_146' title='bbox 1264 1993 1280 2052; x_wconf 91' lang='lat'>1</span> <span class='ocrx_word' id='word_1_147' title='bbox 1308 1989 1453 2052; x_wconf 79' lang='lat' dir='ltr'>trimeter</span> <span class='ocrx_word' id='word_1_148' title='bbox 1477 1987 1593 2053; x_wconf 87' lang='lat' dir='ltr'>estille</span> <span class='ocrx_word' id='word_1_149' title='bbox 1716 2024 1717 2052; x_wconf 73' lang='grc' dir='ltr'>ι</span> 
     </span>
    </p>
   </div>
   <div class='ocr_carea' id='block_1_7' title="bbox 234 2093 1595 3356">
    <p class='ocr_par' dir='ltr' id='par_1_7' title="bbox 234 2093 1595 3356">
     <span class='ocr_line' id='line_1_16' title="bbox 234 2093 1593 2178; baseline -0.004 -19"><span class='ocrx_word' id='word_1_150' title='bbox 234 2122 236 2128; x_wconf 56' lang='grc'>’</span> <span class='ocrx_word' id='word_1_151' title='bbox 309 2093 453 2178; x_wconf 88' lang='lat' dir='ltr'>quidem,</span> <span class='ocrx_word' id='word_1_152' title='bbox 478 2093 536 2158; x_wconf 87' lang='lat' dir='ltr'>sed</span> <span class='ocrx_word' id='word_1_153' title='bbox 559 2114 580 2156; x_wconf 95' lang='grc'>6</span> <span class='ocrx_word' id='word_1_154' title='bbox 599 2095 703 2158; x_wconf 86' lang='lat' dir='ltr'>choro</span> <span class='ocrx_word' id='word_1_155' title='bbox 728 2093 855 2158; x_wconf 87' lang='lat' dir='ltr'>dicitur:</span> <span class='ocrx_word' id='word_1_156' title='bbox 890 2093 933 2159; x_wconf 85' lang='lat' dir='ltr'>N.</span> <span class='ocrx_word' id='word_1_157' title='bbox 959 2096 1056 2158; x_wconf 87' lang='grc'><strong>1609.</strong></span> <span class='ocrx_word' id='word_1_158' title='bbox 1091 2095 1222 2158; x_wconf 87' lang='lat' dir='ltr'>Usitata</span> <span class='ocrx_word' id='word_1_159' title='bbox 1254 2098 1362 2156; x_wconf 89' lang='lat' dir='ltr'>autem</span> <span class='ocrx_word' id='word_1_160' title='bbox 1398 2093 1593 2157; x_wconf 79' lang='lat' dir='ltr'>constructio</span> 
     </span>
     <span class='ocr_line' id='line_1_17' title="bbox 298 2197 1593 2284; baseline -0.002 -19"><span class='ocrx_word' id='word_1_161' title='bbox 298 2202 404 2265; x_wconf 83' lang='lat' dir='ltr'>&#39;huius</span> <span class='ocrx_word' id='word_1_162' title='bbox 427 2201 521 2265; x_wconf 85' lang='lat' dir='ltr'>verbi</span> <span class='ocrx_word' id='word_1_163' title='bbox 545 2206 594 2265; x_wconf 86' lang='lat' dir='ltr'>est</span> <span class='ocrx_word' id='word_1_164' title='bbox 616 2205 674 2264; x_wconf 87' lang='lat' dir='ltr'>eut</span> <span class='ocrx_word' id='word_1_165' title='bbox 697 2199 747 2265; x_wconf 88' lang='grc' dir='ltr'>ὅτι</span> <span class='ocrx_word' id='word_1_166' title='bbox 771 2199 868 2284; x_wconf 87' lang='grc' dir='ltr'>(ὁτιή)</span> <span class='ocrx_word' id='word_1_167' title='bbox 894 2207 951 2264; x_wconf 90' lang='lat' dir='ltr'>aut</span> <span class='ocrx_word' id='word_1_168' title='bbox 972 2201 1195 2284; x_wconf 88' lang='lat' dir='ltr'>participium.</span> <span class='ocrx_word' id='word_1_169' title='bbox 1218 2199 1357 2278; x_wconf 90' lang='lat' dir='ltr'>Deinde,</span> <span class='ocrx_word' id='word_1_170' title='bbox 1381 2205 1492 2263; x_wconf 85' lang='lat' dir='ltr'>nostro</span> <span class='ocrx_word' id='word_1_171' title='bbox 1508 2197 1593 2275; x_wconf 84' lang='lat' dir='ltr'>loco,</span> 
     </span>
     <span class='ocr_line' id='line_1_18' title="bbox 308 2305 1595 2391; baseline -0.002 -19"><span class='ocrx_word' id='word_1_172' title='bbox 308 2309 337 2372; x_wconf 94' lang='lat' dir='ltr'>si</span> <span class='ocrx_word' id='word_1_173' title='bbox 359 2308 484 2372; x_wconf 87' lang='lat' dir='ltr'>scribas</span> <span class='ocrx_word' id='word_1_174' title='bbox 511 2305 572 2373; x_wconf 70' lang='lat' dir='ltr'>olo*</span> <span class='ocrx_word' id='word_1_175' title='bbox 597 2307 653 2387; x_wconf 81' lang='grc' dir='ltr'>ὡς,</span> <span class='ocrx_word' id='word_1_176' title='bbox 677 2310 761 2372; x_wconf 88' lang='lat' dir='ltr'>haec</span> <span class='ocrx_word' id='word_1_177' title='bbox 784 2309 887 2373; x_wconf 87' lang='lat' dir='ltr'>verba</span> <span class='ocrx_word' id='word_1_178' title='bbox 922 2309 1017 2391; x_wconf 88' lang='lat' dir='ltr'>quasi</span> <span class='ocrx_word' id='word_1_179' title='bbox 1040 2310 1074 2371; x_wconf 90' lang='lat' dir='ltr'>in</span> <span class='ocrx_word' id='word_1_180' title='bbox 1108 2309 1295 2391; x_wconf 77' lang='lat' dir='ltr'>parenthesi</span> <span class='ocrx_word' id='word_1_181' title='bbox 1330 2307 1420 2371; x_wconf 90' lang='lat' dir='ltr'>diota</span> <span class='ocrx_word' id='word_1_182' title='bbox 1442 2326 1512 2372; x_wconf 88' lang='lat' dir='ltr'>esee</span> <span class='ocrx_word' id='word_1_183' title='bbox 1535 2325 1595 2390; x_wconf 87' lang='lat' dir='ltr'>pu·</span> 
     </span>
     <span class='ocr_line' id='line_1_19' title="bbox 309 2413 1594 2499; baseline -0.002 -19"><span class='ocrx_word' id='word_1_184' title='bbox 309 2415 445 2480; x_wconf 86' lang='lat' dir='ltr'>tandum</span> <span class='ocrx_word' id='word_1_185' title='bbox 468 2419 525 2479; x_wconf 91' lang='lat' dir='ltr'>est.</span> <span class='ocrx_word' id='word_1_186' title='bbox 549 2415 589 2478; x_wconf 93' lang='lat' dir='ltr'>In</span> <span class='ocrx_word' id='word_1_187' title='bbox 611 2417 676 2479; x_wconf 86' lang='lat' dir='ltr'>hac</span> <span class='ocrx_word' id='word_1_188' title='bbox 697 2435 776 2480; x_wconf 87' lang='lat' dir='ltr'>vero</span> <span class='ocrx_word' id='word_1_189' title='bbox 800 2416 941 2480; x_wconf 78' lang='lat' dir='ltr'>formula</span> <span class='ocrx_word' id='word_1_190' title='bbox 964 2433 1092 2499; x_wconf 89' lang='lat' dir='ltr'>semper</span> <span class='ocrx_word' id='word_1_191' title='bbox 1127 2416 1248 2480; x_wconf 84' lang='lat' dir='ltr'>dicitur</span> <span class='ocrx_word' id='word_1_192' title='bbox 1282 2415 1348 2499; x_wconf 83' lang='grc' dir='ltr'>(εὖ)</span> <span class='ocrx_word' id='word_1_193' title='bbox 1383 2413 1444 2482; x_wconf 80' lang='grc' dir='ltr'>οἷδ’</span> <span class='ocrx_word' id='word_1_194' title='bbox 1474 2415 1534 2492; x_wconf 82' lang='grc' dir='ltr'>ὅτι,</span> <span class='ocrx_word' id='word_1_195' title='bbox 1558 2420 1594 2477; x_wconf 86' lang='grc'>61</span> 
     </span>
     <span class='ocr_line' id='line_1_20' title="bbox 310 2520 1593 2615; baseline -0.005 -27"><span class='ocrx_word' id='word_1_196' title='bbox 310 2521 374 2615; x_wconf 85' lang='grc' dir='ltr'>(εὖ)</span> <span class='ocrx_word' id='word_1_197' title='bbox 397 2522 465 2588; x_wconf 76' lang='grc' dir='ltr'>ἴσθ’</span> <span class='ocrx_word' id='word_1_198' title='bbox 490 2521 550 2600; x_wconf 88' lang='grc' dir='ltr'>δτι,</span> <span class='ocrx_word' id='word_1_199' title='bbox 575 2539 714 2604; x_wconf 88' lang='lat' dir='ltr'>quorum</span> <span class='ocrx_word' id='word_1_200' title='bbox 737 2521 820 2586; x_wconf 92' lang='lat' dir='ltr'>illud</span> <span class='ocrx_word' id='word_1_201' title='bbox 842 2523 962 2605; x_wconf 87' lang='lat' dir='ltr'>legitur</span> <span class='ocrx_word' id='word_1_202' title='bbox 985 2521 1073 2604; x_wconf 88' lang='lat' dir='ltr'>apud</span> <span class='ocrx_word' id='word_1_203' title='bbox 1096 2521 1154 2585; x_wconf 82' lang='lat' dir='ltr'>Ar.</span> <span class='ocrx_word' id='word_1_204' title='bbox 1181 2520 1593 2588; x_wconf 60' lang='grc'><strong>16166666661176.</strong></span> 
     </span>
     <span class='ocr_line' id='line_1_21' title="bbox 308 2619 1592 2713; baseline 0 -20"><span class='ocrx_word' id='word_1_205' title='bbox 308 2629 348 2694; x_wconf 84' lang='lat' dir='ltr'>V.</span> <span class='ocrx_word' id='word_1_206' title='bbox 376 2631 472 2695; x_wconf 85' lang='grc'><strong>1348.</strong></span> <span class='ocrx_word' id='word_1_207' title='bbox 496 2630 535 2695; x_wconf 89' lang='grc' dir='ltr'>Ρ.</span> <span class='ocrx_word' id='word_1_208' title='bbox 562 2631 637 2692; x_wconf 89' lang='grc'><strong>366.</strong></span> <span class='ocrx_word' id='word_1_209' title='bbox 663 2631 738 2695; x_wconf 86' lang='grc'><strong>963.</strong></span> <span class='ocrx_word' id='word_1_210' title='bbox 766 2619 993 2696; x_wconf 64' lang='grc'><strong>12961669.</strong></span> <span class='ocrx_word' id='word_1_211' title='bbox 1013 2629 1087 2693; x_wconf 90' lang='grc'><strong>100.</strong></span> <span class='ocrx_word' id='word_1_212' title='bbox 1108 2631 1180 2702; x_wconf 81' lang='grc'><strong>164.</strong></span> <span class='ocrx_word' id='word_1_213' title='bbox 1198 2631 1273 2694; x_wconf 94' lang='grc'><strong>764.</strong></span> <span class='ocrx_word' id='word_1_214' title='bbox 1291 2628 1345 2713; x_wconf 86' lang='lat' dir='ltr'>(R.</span> <span class='ocrx_word' id='word_1_215' title='bbox 1364 2630 1454 2713; x_wconf 88' lang='grc'><strong>699).</strong></span> <span class='ocrx_word' id='word_1_216' title='bbox 1471 2631 1523 2695; x_wconf 88' lang='lat' dir='ltr'>Pl.</span> <span class='ocrx_word' id='word_1_217' title='bbox 1542 2633 1592 2694; x_wconf 91' lang='grc'>72.</span> 
     </span>
     <span class='ocr_line' id='line_1_22' title="bbox 309 2734 1592 2815; baseline -0.001 -15"><span class='ocrx_word' id='word_1_218' title='bbox 309 2739 385 2801; x_wconf 82' lang='grc'><strong>462.</strong></span> <span class='ocrx_word' id='word_1_219' title='bbox 410 2739 486 2804; x_wconf 91' lang='grc'><strong>838.</strong></span> <span class='ocrx_word' id='word_1_220' title='bbox 510 2737 564 2800; x_wconf 83' lang='lat' dir='ltr'>Fr.</span> <span class='ocrx_word' id='word_1_221' title='bbox 593 2738 699 2815; x_wconf 84' lang='grc'><strong>152,2;</strong></span> <span class='ocrx_word' id='word_1_222' title='bbox 724 2736 863 2801; x_wconf 89' lang='lat' dir='ltr'>alterum</span> <span class='ocrx_word' id='word_1_223' title='bbox 899 2739 918 2800; x_wconf 90' lang='grc'><strong>6</strong></span> <span class='ocrx_word' id='word_1_224' title='bbox 953 2736 1044 2798; x_wconf 86' lang='lat' dir='ltr'>locis:</span> <span class='ocrx_word' id='word_1_225' title='bbox 1079 2734 1120 2800; x_wconf 86' lang='lat' dir='ltr'>N.</span> <span class='ocrx_word' id='word_1_226' title='bbox 1147 2737 1199 2798; x_wconf 90' lang='grc'><strong>39.</strong></span> <span class='ocrx_word' id='word_1_227' title='bbox 1235 2737 1273 2799; x_wconf 91' lang='lat' dir='ltr'>P.</span> <span class='ocrx_word' id='word_1_228' title='bbox 1299 2739 1374 2800; x_wconf 90' lang='grc'><strong>373.</strong></span> <span class='ocrx_word' id='word_1_229' title='bbox 1405 2737 1469 2801; x_wconf 86' lang='lat' dir='ltr'>Av.</span> <span class='ocrx_word' id='word_1_230' title='bbox 1497 2740 1592 2804; x_wconf 85' lang='lat'><strong>1408.</strong></span> 
     </span>
     <span class='ocr_line' id='line_1_23' title="bbox 308 2842 1592 2926; baseline 0 -18"><span class='ocrx_word' id='word_1_231' title='bbox 308 2843 369 2908; x_wconf 80' lang='lat' dir='ltr'>Th.</span> <span class='ocrx_word' id='word_1_232' title='bbox 397 2847 449 2909; x_wconf 84' lang='lat'>12.</span> <span class='ocrx_word' id='word_1_233' title='bbox 465 2843 524 2910; x_wconf 93' lang='grc' dir='ltr'>Ῥ1.</span> <span class='ocrx_word' id='word_1_234' title='bbox 551 2845 628 2909; x_wconf 91' lang='grc'><strong>183.</strong></span> <span class='ocrx_word' id='word_1_235' title='bbox 652 2845 727 2910; x_wconf 88' lang='grc'><strong>889.</strong></span> <span class='ocrx_word' id='word_1_236' title='bbox 751 2843 887 2926; x_wconf 83' lang='lat' dir='ltr'>Reliqui</span> <span class='ocrx_word' id='word_1_237' title='bbox 910 2844 986 2920; x_wconf 89' lang='lat' dir='ltr'>loci,</span> <span class='ocrx_word' id='word_1_238' title='bbox 1010 2843 1067 2907; x_wconf 89' lang='lat' dir='ltr'>ubi</span> <span class='ocrx_word' id='word_1_239' title='bbox 1091 2842 1234 2926; x_wconf 72' lang='lat' dir='ltr'>depost</span> <span class='ocrx_word' id='word_1_240' title='bbox 1256 2843 1330 2908; x_wconf 80' lang='grc'><strong>6166</strong></span> <span class='ocrx_word' id='word_1_241' title='bbox 1366 2845 1507 2926; x_wconf 90' lang='lat' dir='ltr'>positum</span> <span class='ocrx_word' id='word_1_242' title='bbox 1536 2851 1592 2921; x_wconf 87' lang='lat' dir='ltr'>est,</span> 
     </span>
     <span class='ocr_line' id='line_1_24' title="bbox 308 2950 1593 3018; baseline -0.004 0"><span class='ocrx_word' id='word_1_243' title='bbox 308 2955 345 3018; x_wconf 91' lang='lat' dir='ltr'>hi</span> <span class='ocrx_word' id='word_1_244' title='bbox 368 2959 442 3017; x_wconf 85' lang='lat' dir='ltr'>sunt</span> <span class='ocrx_word' id='word_1_245' title='bbox 468 2954 508 3015; x_wconf 94' lang='grc'>17</span> <span class='ocrx_word' id='word_1_246' title='bbox 532 2969 678 3016; x_wconf 87' lang='lat' dir='ltr'>numero:</span> <span class='ocrx_word' id='word_1_247' title='bbox 714 2953 754 3016; x_wconf 82' lang='lat' dir='ltr'>A.</span> <span class='ocrx_word' id='word_1_248' title='bbox 793 2954 867 3017; x_wconf 87' lang='lat'><strong>118.</strong></span> <span class='ocrx_word' id='word_1_249' title='bbox 904 2952 979 3016; x_wconf 87' lang='grc'><strong>376.</strong></span> <span class='ocrx_word' id='word_1_250' title='bbox 1018 2952 1057 3015; x_wconf 86' lang='grc' dir='ltr'>Ε.</span> <span class='ocrx_word' id='word_1_251' title='bbox 1083 2951 1159 3015; x_wconf 87' lang='grc'><strong>948.</strong></span> <span class='ocrx_word' id='word_1_252' title='bbox 1192 2950 1234 3016; x_wconf 94' lang='grc' dir='ltr'>Ν.</span> <span class='ocrx_word' id='word_1_253' title='bbox 1260 2953 1335 3014; x_wconf 89' lang='grc'><strong>331.</strong></span> <span class='ocrx_word' id='word_1_254' title='bbox 1373 2953 1593 3015; x_wconf 73' lang='grc'><strong>12641329.</strong></span> 
     </span>
     <span class='ocr_line' id='line_1_25' title="bbox 308 3057 1590 3125; baseline -0.005 0"><span class='ocrx_word' id='word_1_255' title='bbox 308 3061 347 3125; x_wconf 93' lang='grc' dir='ltr'>Ρ.</span> <span class='ocrx_word' id='word_1_256' title='bbox 373 3061 447 3124; x_wconf 89' lang='grc'><strong>228.</strong></span> <span class='ocrx_word' id='word_1_257' title='bbox 474 3061 548 3122; x_wconf 86' lang='grc'><strong>371.</strong></span> <span class='ocrx_word' id='word_1_258' title='bbox 575 3061 671 3124; x_wconf 87' lang='grc'><strong>1903.</strong></span> <span class='ocrx_word' id='word_1_259' title='bbox 694 3059 758 3122; x_wconf 81' lang='lat' dir='ltr'>Ar.</span> <span class='ocrx_word' id='word_1_260' title='bbox 784 3059 837 3122; x_wconf 83' lang='lat'>84.</span> <span class='ocrx_word' id='word_1_261' title='bbox 863 3057 937 3121; x_wconf 91' lang='grc'><strong>609.</strong></span> <span class='ocrx_word' id='word_1_262' title='bbox 964 3058 1039 3121; x_wconf 89' lang='grc'><strong>668.</strong></span> <span class='ocrx_word' id='word_1_263' title='bbox 1066 3057 1161 3120; x_wconf 89' lang='grc'><strong>1176.</strong></span> <span class='ocrx_word' id='word_1_264' title='bbox 1188 3059 1285 3121; x_wconf 88' lang='grc'><strong>1221.</strong></span> <span class='ocrx_word' id='word_1_265' title='bbox 1321 3059 1417 3121; x_wconf 88' lang='grc'><strong>1246.</strong></span> <span class='ocrx_word' id='word_1_266' title='bbox 1448 3057 1490 3120; x_wconf 88' lang='lat' dir='ltr'>R.</span> <span class='ocrx_word' id='word_1_267' title='bbox 1516 3060 1590 3124; x_wconf 86' lang='grc'><strong>684.</strong></span> 
     </span>
     <span class='ocr_line' id='line_1_26' title="bbox 308 3161 1591 3249; baseline -0.002 -19"><span class='ocrx_word' id='word_1_268' title='bbox 308 3167 367 3232; x_wconf 77' lang='lat' dir='ltr'>Ec.</span> <span class='ocrx_word' id='word_1_269' title='bbox 393 3167 468 3244; x_wconf 89' lang='grc'><strong>992;</strong></span> <span class='ocrx_word' id='word_1_270' title='bbox 492 3165 559 3245; x_wconf 84' lang='grc' dir='ltr'>ὁτιή</span> <span class='ocrx_word' id='word_1_271' title='bbox 585 3165 604 3228; x_wconf 91' lang='grc'><strong>2</strong></span> <span class='ocrx_word' id='word_1_272' title='bbox 629 3165 711 3230; x_wconf 83' lang='grc'><strong>16616</strong></span> <span class='ocrx_word' id='word_1_273' title='bbox 733 3166 859 3249; x_wconf 86' lang='lat' dir='ltr'>legitur:</span> <span class='ocrx_word' id='word_1_274' title='bbox 885 3165 925 3226; x_wconf 89' lang='lat' dir='ltr'>V.</span> <span class='ocrx_word' id='word_1_275' title='bbox 952 3165 1047 3228; x_wconf 90' lang='grc'><strong>1396.</strong></span> <span class='ocrx_word' id='word_1_276' title='bbox 1072 3164 1135 3227; x_wconf 81' lang='lat' dir='ltr'>Ar.</span> <span class='ocrx_word' id='word_1_277' title='bbox 1163 3164 1259 3229; x_wconf 90' lang='grc'><strong>1010.</strong></span> <span class='ocrx_word' id='word_1_278' title='bbox 1295 3161 1381 3246; x_wconf 78' lang='lat' dir='ltr'>Quid</span> <span class='ocrx_word' id='word_1_279' title='bbox 1411 3165 1512 3247; x_wconf 85' lang='lat' dir='ltr'>igitur</span> <span class='ocrx_word' id='word_1_280' title='bbox 1534 3185 1591 3229; x_wconf 83' lang='lat' dir='ltr'>va·</span> 
     </span>
     <span class='ocr_line' id='line_1_27' title="bbox 309 3270 1006 3356; baseline -0.003 -20"><span class='ocrx_word' id='word_1_281' title='bbox 309 3273 449 3339; x_wconf 86' lang='lat' dir='ltr'>lentilli</span> <span class='ocrx_word' id='word_1_282' title='bbox 472 3291 537 3337; x_wconf 75' lang='lat' dir='ltr'>sax·</span> <span class='ocrx_word' id='word_1_283' title='bbox 552 3279 666 3338; x_wconf 87' lang='lat' dir='ltr'>contre</span> <span class='ocrx_word' id='word_1_284' title='bbox 689 3276 749 3339; x_wconf 89' lang='lat' dir='ltr'>hos</span> <span class='ocrx_word' id='word_1_285' title='bbox 773 3270 1006 3356; x_wconf 82' lang='lat' dir='ltr'>quadraginta?</span> 
     </span>
    </p>
   </div>
   <div class='ocr_carea' id='block_1_8' title="bbox 837 3476 1041 3488">
    <p class='ocr_par' dir='ltr' id='par_1_8' title="bbox 837 3476 1041 3488">
     <span class='ocr_line' id='line_1_28' title="bbox 837 3476 1041 3488; baseline -0.005 0"><span class='ocrx_word' id='word_1_286' title='bbox 837 3476 1041 3488; x_wconf 70' lang='lat'>-—-·*¹</span> 
     </span>
    </p>
   </div>
   <div class='ocr_carea' id='block_1_9' title="bbox 648 3663 1250 3937">
    <p class='ocr_par' dir='ltr' id='par_1_9' title="bbox 648 3663 1250 3937">
     <span class='ocr_line' id='line_1_29' title="bbox 831 3663 1072 3738; baseline 0.004 -1"><span class='ocrx_word' id='word_1_287' title='bbox 831 3663 985 3738; x_wconf 85' lang='lat' dir='ltr'>CAPUT</span> <span class='ocrx_word' id='word_1_288' title='bbox 1010 3666 1072 3738; x_wconf 79' lang='lat' dir='ltr'>IV.</span> 
     </span>
     <span class='ocr_line' id='line_1_30' title="bbox 648 3851 1250 3937; baseline -0.003 -19"><span class='ocrx_word' id='word_1_289' title='bbox 648 3851 923 3920; x_wconf 82' lang='lat' dir='ltr'>Sententiae</span> <span class='ocrx_word' id='word_1_290' title='bbox 960 3854 1250 3937; x_wconf 76' lang='lat' dir='ltr'>temporales.</span> 
     </span>
    </p>
   </div>
   <div class='ocr_carea' id='block_1_10' title="bbox 310 4021 1592 4642">
    <p class='ocr_par' dir='ltr' id='par_1_10' title="bbox 310 4021 1592 4642">
     <span class='ocr_line' id='line_1_31' title="bbox 356 4021 1589 4105; baseline 0.005 -21"><span class='ocrx_word' id='word_1_291' title='bbox 356 4021 595 4086; x_wconf 83' lang='lat' dir='ltr'>Sententiarum</span> <span class='ocrx_word' id='word_1_292' title='bbox 619 4021 850 4105; x_wconf 78' lang='lat' dir='ltr'>temporalium</span> <span class='ocrx_word' id='word_1_293' title='bbox 874 4022 937 4084; x_wconf 88' lang='lat' dir='ltr'>tria</span> <span class='ocrx_word' id='word_1_294' title='bbox 959 4039 1081 4105; x_wconf 86' lang='lat' dir='ltr'>genera</span> <span class='ocrx_word' id='word_1_295' title='bbox 1105 4023 1263 4087; x_wconf 86' lang='lat' dir='ltr'>discerno:</span> <span class='ocrx_word' id='word_1_296' title='bbox 1287 4043 1384 4087; x_wconf 91' lang='lat' dir='ltr'>unum</span> <span class='ocrx_word' id='word_1_297' title='bbox 1405 4031 1453 4088; x_wconf 92' lang='lat' dir='ltr'>est</span> <span class='ocrx_word' id='word_1_298' title='bbox 1470 4045 1589 4104; x_wconf 86' lang='lat' dir='ltr'>aarum,</span> 
     </span>
     <span class='ocr_line' id='line_1_32' title="bbox 312 4128 1592 4215; baseline 0.004 -23"><span class='ocrx_word' id='word_1_299' title='bbox 312 4148 398 4210; x_wconf 89' lang='lat' dir='ltr'>quac</span> <span class='ocrx_word' id='word_1_300' title='bbox 422 4149 442 4192; x_wconf 91' lang='lat' dir='ltr'>a</span> <span class='ocrx_word' id='word_1_301' title='bbox 464 4128 633 4213; x_wconf 85' lang='lat' dir='ltr'>particulis</span> <span class='ocrx_word' id='word_1_302' title='bbox 657 4147 729 4194; x_wconf 70' lang='lat' dir='ltr'>cam</span> <span class='ocrx_word' id='word_1_303' title='bbox 752 4129 1011 4212; x_wconf 80' lang='lat' dir='ltr'>significantibus</span> <span class='ocrx_word' id='word_1_304' title='bbox 1027 4129 1197 4209; x_wconf 88' lang='lat' dir='ltr'>ducuntur,</span> <span class='ocrx_word' id='word_1_305' title='bbox 1214 4129 1354 4194; x_wconf 88' lang='lat' dir='ltr'>alterum</span> <span class='ocrx_word' id='word_1_306' title='bbox 1370 4149 1493 4212; x_wconf 86' lang='lat' dir='ltr'>aarum,</span> <span class='ocrx_word' id='word_1_307' title='bbox 1510 4151 1592 4215; x_wconf 87' lang='lat' dir='ltr'>quae</span> 
     </span>
     <span class='ocr_line' id='line_1_33' title="bbox 310 4235 1591 4320; baseline 0.002 -21"><span class='ocrx_word' id='word_1_308' title='bbox 310 4235 574 4320; x_wconf 74' lang='lat' dir='ltr'>particularium</span> <span class='ocrx_word' id='word_1_309' title='bbox 597 4235 766 4319; x_wconf 88' lang='lat' dir='ltr'>incipiunt,</span> <span class='ocrx_word' id='word_1_310' title='bbox 791 4237 922 4299; x_wconf 88' lang='lat' dir='ltr'>tertium</span> <span class='ocrx_word' id='word_1_311' title='bbox 946 4253 1068 4315; x_wconf 88' lang='lat' dir='ltr'>earum,</span> <span class='ocrx_word' id='word_1_312' title='bbox 1097 4254 1178 4318; x_wconf 87' lang='lat' dir='ltr'>quas</span> <span class='ocrx_word' id='word_1_313' title='bbox 1211 4237 1375 4320; x_wconf 85' lang='lat' dir='ltr'>particula</span> <span class='ocrx_word' id='word_1_314' title='bbox 1399 4240 1591 4320; x_wconf 77' lang='lat' dir='ltr'>priusquam</span> 
     </span>
     <span class='ocr_line' id='line_1_34' title="bbox 311 4341 1591 4424; baseline 0.003 -17"><span class='ocrx_word' id='word_1_315' title='bbox 311 4342 448 4407; x_wconf 91' lang='lat' dir='ltr'>orditur.</span> <span class='ocrx_word' id='word_1_316' title='bbox 472 4341 545 4405; x_wconf 87' lang='lat' dir='ltr'>Hae</span> <span class='ocrx_word' id='word_1_317' title='bbox 570 4347 678 4406; x_wconf 89' lang='lat' dir='ltr'>autem</span> <span class='ocrx_word' id='word_1_318' title='bbox 703 4363 812 4407; x_wconf 88' lang='lat' dir='ltr'>omnes</span> <span class='ocrx_word' id='word_1_319' title='bbox 836 4342 1012 4407; x_wconf 91' lang='lat' dir='ltr'>secundum</span> <span class='ocrx_word' id='word_1_320' title='bbox 1035 4342 1149 4408; x_wconf 92' lang='lat' dir='ltr'>modos</span> <span class='ocrx_word' id='word_1_321' title='bbox 1172 4344 1220 4408; x_wconf 89' lang='lat' dir='ltr'>ita</span> <span class='ocrx_word' id='word_1_322' title='bbox 1240 4343 1439 4424; x_wconf 87' lang='lat' dir='ltr'>dividuntur,</span> <span class='ocrx_word' id='word_1_323' title='bbox 1456 4353 1492 4410; x_wconf 93' lang='lat' dir='ltr'>ut</span> <span class='ocrx_word' id='word_1_324' title='bbox 1508 4349 1591 4411; x_wconf 89' lang='lat' dir='ltr'>aliae</span> 
     </span>
     <span class='ocr_line' id='line_1_35' title="bbox 312 4447 1591 4536; baseline 0.005 -24"><span class='ocrx_word' id='word_1_325' title='bbox 312 4451 457 4514; x_wconf 87' lang='lat' dir='ltr'>habeant</span> <span class='ocrx_word' id='word_1_326' title='bbox 479 4447 706 4527; x_wconf 87' lang='lat' dir='ltr'>indicativum,</span> <span class='ocrx_word' id='word_1_327' title='bbox 737 4451 823 4515; x_wconf 89' lang='lat' dir='ltr'>aliae</span> <span class='ocrx_word' id='word_1_328' title='bbox 859 4452 1101 4515; x_wconf 86' lang='lat' dir='ltr'>coniunctivum</span> <span class='ocrx_word' id='word_1_329' title='bbox 1127 4450 1215 4535; x_wconf 89' lang='lat' dir='ltr'>(cum</span> <span class='ocrx_word' id='word_1_330' title='bbox 1239 4452 1279 4518; x_wconf 85' lang='lat' dir='ltr'>dv</span> <span class='ocrx_word' id='word_1_331' title='bbox 1301 4452 1494 4536; x_wconf 89' lang='lat' dir='ltr'>plerumque</span> <span class='ocrx_word' id='word_1_332' title='bbox 1519 4473 1591 4519; x_wconf 90' lang='lat' dir='ltr'>con·</span> 
     </span>
     <span class='ocr_line' id='line_1_36' title="bbox 311 4553 1592 4642; baseline 0.005 -24"><span class='ocrx_word' id='word_1_333' title='bbox 311 4553 482 4637; x_wconf 83' lang='lat' dir='ltr'>iunctum),</span> <span class='ocrx_word' id='word_1_334' title='bbox 508 4554 1081 4642; x_wconf 67' lang='grc' dir='ltr'><strong>611666616116666666616666πρίν</strong></span> <span class='ocrx_word' id='word_1_335' title='bbox 1105 4561 1204 4623; x_wconf 85' lang='lat' dir='ltr'>etiam</span> <span class='ocrx_word' id='word_1_336' title='bbox 1233 4579 1307 4624; x_wconf 89' lang='lat' dir='ltr'>cum</span> <span class='ocrx_word' id='word_1_337' title='bbox 1331 4561 1492 4625; x_wconf 80' lang='lat' dir='ltr'>infinitivo</span> <span class='ocrx_word' id='word_1_338' title='bbox 1518 4582 1592 4625; x_wconf 90' lang='lat' dir='ltr'>con-</span> 
     </span>
    </p>
   </div>
   <div class='ocr_carea' id='block_1_11' title="bbox 0 0 1741 5380">
    <p class='ocr_par' dir='ltr' id='par_1_11' title="bbox 0 0 1741 5380">
     <span class='ocr_line' id='line_1_37' title="bbox 0 0 1741 5380; baseline 0 0"><span class='ocrx_word' id='word_1_339' title='bbox 0 0 1741 5380; x_wconf 95' lang='lat' dir='ltr'> </span> 
     </span>
    </p>
   </div>
  </div>
 </body>
</html>
