3468 5390
816 390 994 451 ...80-

308 553 422 615 Plures
445 553 541 636 igitur
564 552 629 616 loci
652 555 735 627 sunt,
760 569 859 631 quam
882 554 918 612 ut
941 554 998 612 aut
1013 547 1143 612 omnino
1158 546 1287 630 neglegi
1311 553 1367 610 aut
1382 549 1551 630 exceptio·

263 679 341 729 num
375 679 509 722 numero
545 659 659 722 haberi
693 657 826 740 possint.
860 656 976 736 itaque
1000 656 1027 717 si
1050 655 1240 737 imperfecto
1268 660 1300 718 et
1322 656 1548 738 imperfectum

265 771 297 829 et
334 765 477 829 futurum
518 766 702 848 opponitur,
742 765 861 826 aoristo
896 768 1004 826 autem
1036 762 1152 826 saltam
1188 763 1326 826 aoristus
1350 768 1382 826 et
1404 761 1548 854 futurum

266 872 379 954 (stiam
403 891 556 956 praesens
580 874 649 936 sine
672 872 739 945 ullo
764 871 941 934 sententiae
966 869 1084 933 damno
1109 870 1231 952 opponi
1257 868 1390 958 potest),
1415 870 1443 933 si
1458 869 1549 932 deni·

266 997 329 1060 que
366 983 415 1042 est
452 979 508 1042 ubi
532 977 649 1042 dubius
671 979 819 1052 haereas,
844 976 886 1039 ad
910 975 998 1056 quod
1021 982 1147 1057 tempus
1170 975 1291 1038 referas
1326 976 1547 1040 condicionem

266 1085 316 1168 (ut
340 1085 382 1148 A.
408 1087 483 1148 541.
506 1085 571 1148 Av.
598 1084 709 1168 1223),
733 1090 843 1160 restat,
868 1089 905 1145 ιιι
925 1083 1033 1164 legem
1054 1082 1146 1146 illam
1168 1101 1285 1163 parum
1323 1090 1411 1146 recte
1436 1082 1548 1145 datam

265 1197 444 1256 statuamus
469 1198 567 1274 atque
592 1189 736 1256 Graecos
759 1192 795 1252 in
817 1191 937 1252 aoristo
963 1195 994 1252 et
1017 1189 1208 1278 imperiecto
1237 1189 1271 1250 in
1292 1189 1410 1252 talibus
1427 1190 1549 1272 eligen-

265 1297 306 1361 do
330 1289 545 1380 non'tempus
567 1297 774 1373 condicionis,
799 1295 856 1358 scd
879 1294 968 1360 aliud
992 1295 1159 1378 quidpiam
1184 1294 1357 1358 attendisse
1384 1301 1547 1377 putemus.

310 1401 396 1486 Quid
428 1406 525 1490 igitur
558 1405 642 1466 inter
666 1404 820 1467 acrisium
843 1408 876 1466 et
898 1401 1125 1486 imperfectum
1159 1403 1192 1463 in
1231 1401 1280 1464 his
1305 1400 1550 1464 condicionibus

262 1513 415 1576 interesse
438 1508 631 1574 statuamus?
650 1510 693 1572 Et
714 1511 768 1572 hic
791 1510 859 1591 ipse
884 1528 996 1572 eorum
1020 1507 1108 1590 apud
1131 1509 1304 1596 scriptores
1341 1529 1417 1571 usus
1441 1514 1473 1572 et
1495 1528 1547 1571 rc·

263 1618 345 1699 liqui
368 1638 445 1682 usus
470 1617 622 1698 analogia
645 1615 851 1680 disertissime
872 1616 976 1692 docet,
1002 1617 1159 1678 aoristum
1183 1621 1215 1678 et
1237 1615 1547 1700 imperfectumhic,

263 1731 300 1788 ιιι
323 1725 413 1801 alibi,
438 1725 546 1810 specie
571 1723 707 1786 actionis
731 1724 815 1786 inter
839 1742 872 1785 se
897 1722 1035 1799 differre,
1068 1727 1103 1785 ut
1126 1723 1317 1806 imperfecto
1342 1725 1426 1788 actio
1451 1706 1548 1790 diuti-

264 1850 307 1893 na
344 1831 399 1893 vel
422 1831 550 1912 saepius
576 1830 725 1913 repetita,
751 1830 871 1892 aoristo
900 1828 1106 1894 non-diutina
1143 1828 1339 1913 designetur.
1379 1829 1548 1910 Temporis

263 1957 354 2014 vero,
395 1937 437 2000 ad
462 1936 550 2017 quod
574 1935 720 2000 condicio
748 1937 899 2019 pertinet,
931 1931 1060 2027 Graeci,
1084 1941 1119 1999 ut
1141 1956 1210 2012 nos,
1234 1935 1356 1998 nullam
1388 1937 1548 2030 rationem

264 2047 457 2120 habuerunt,
492 2049 528 2106 ιιι
563 2027 589 2106 si
613 2046 683 2124 quis
708 2044 806 2108 talem
831 2044 1053 2110 condicionem
1078 2044 1119 2107 ad
1142 2064 1294 2128 praesens
1331 2047 1429 2109 etiam
1448 2046 1549 2128 perti·

263 2159 392 2216 nentem
429 2152 553 2229 afferat,
588 2154 706 2216 aoristo
744 2154 791 2214 uti
828 2153 939 2234 possit,
963 2153 991 2214 si
1015 2154 1178 2216 actionem
1216 2153 1455 2218 non-diutinam
1479 2172 1549 2218 esse

264 2259 353 2321 velit.
380 2255 504 2338 Quodsi
528 2258 568 2321 de
592 2259 698 2322 futuro
720 2261 824 2321 rarius
847 2259 972 2321 isrealis
994 2260 1099 2322 forma
1122 2259 1248 2336 dicitur,
1267 2266 1439 2348 causaest,
1460 2259 1550 2340 quod

263 2370 398 2448 propter
408 2366 515 2446 ipsam
530 2385 638 2429 rerum
656 2372 817 2442 naturam,
834 2372 870 2429 ut
892 2385 969 2428 mox
984 2365 1172 2442 viderimus,
1186 2368 1219 2428 in
1233 2367 1342 2428 futura
1358 2364 1549 2429 condicione

263 2471 322 2534 illa
343 2472 449 2536 forma
472 2491 536 2534 non
560 2493 658 2558 saepe
682 2494 762 2555 opus
785 2473 953 2544 fuitNam
966 2475 1093 2538 futurae
1107 2475 1322 2564 condiciones,
1339 2481 1484 2558 utsupra
1499 2478 1551 2536 vi-

264 2580 378 2656 dimus,
403 2581 502 2642 etiam
528 2581 707 2644 indicativo
731 2582 839 2657 futuri,
857 2582 1074 2658 coniunctivo,
1093 2583 1239 2664 optativo
1258 2584 1474 2644 enuntiantur.
1490 2583 1550 2646 Vi·

264 2685 398 2750 deamus
422 2688 529 2770 igitur,
555 2687 633 2768 quid
656 2689 741 2750 inter
762 2689 957 2775 potentiales
982 2695 1014 2750 ct
1033 2689 1167 2752 irreales
1193 2689 1397 2753 condiciones
1413 2692 1548 2756 intersit.

263 2793 388 2857 Harum
413 2793 509 2876 longe
531 2795 673 2877 plurima
695 2814 772 2877 pars
795 2797 842 2856 ita
866 2803 1058 2880 comparata
1081 2800 1129 2858 est
1153 2794 1231 2876 (quo
1247 2797 1421 2884 ¹pertinent
1437 2816 1550 2860 omnes

264 2901 463 2984 tragicorum
486 2902 550 2962 loci
574 2907 606 2964 et
630 2922 670 2964 ex
693 2901 940 2983 Aristophaneis
964 2903 1002 2966 E.
1030 2903 1114 2962 1276
1133 2908 1165 2965 et
1180 2902 1243 2964 Av.
1264 2902 1352 2986 790),
1370 2925 1390 2965 ιι
1420 2905 1454 2967 in
1470 2923 1547 2986 pro-

264 3009 335 3086 tasi,
369 3009 558 3091 imperfecto
597 3009 693 3085 elata,
734 3009 774 3073 dc
799 3029 837 3071 eo
862 3016 988 3092 agatur,
1015 3009 1102 3090 quod
1124 3011 1287 3091 praesenti
1316 3030 1424 3074 rerum
1448 3014 1547 3073 statui

264 3115 461 3176 contrarium
497 3115 537 3178 sit
573 3115 753 3195 obstetque,
788 3134 829 3177 ne
854 3114 943 3194 aliud
967 3115 1032 3191 fiat,
1059 3115 1099 3178 de
1124 3135 1187 3196 quo
1213 3118 1320 3198 agitur
1343 3118 1376 3178 in
1399 3117 1546 3200 apodosi.

263 3223 302 3286 In
326 3225 444 3288 ceteris
468 3224 625 3308 exemplis
651 3205 728 3304 (riv.
758 3224 868 3306 1692).
893 3225 951 3286 Ec.
979 3226 1053 3286 191.
1083 3223 1136 3310 (V.
1164 3226 1274 3307 1437).
1299 3224 1432 3288 Lucian.
1457 3226 1547 3290 Dial.

262 3329 425 3394 Meretric.
451 3332 481 3408 2,
506 3333 537 3407 4,
562 3331 596 3394 ιιι
621 3331 737 3411 quibus
762 3336 934 3412 utrumque
957 3332 1139 3396 membrum
1163 3331 1205 3393 ad
1229 3332 1371 3394 futurum
1393 3333 1546 3414 pertinet,

263 3436 377 3502 itidem
413 3456 567 3521 praesens
601 3457 708 3502 rerum
744 3443 846 3500 status
878 3439 1041 3502 actionem
1062 3439 1204 3522 protasis
1228 3439 1369 3520 ideoque
1393 3439 1547 3522 apodosis

263 3544 334 3605 fieri
356 3546 520 3625 prohibet,
544 3545 578 3610 id
602 3543 691 3624 quod
715 3551 772 3607 aut
795 3564 834 3608 ex
858 3546 936 3626 ipsis
960 3546 1069 3609 verbis
1094 3551 1149 3610 aut
1172 3565 1189 3607 e
1214 3551 1284 3608 tota
1306 3546 1371 3608 loci
1387 3548 1547 3610 sententia

263 3650 472 3734 intellegitur.
497 3651 607 3734 Longe
632 3652 699 3714 alia
722 3653 806 3714 ratio
832 3661 880 3714 est
901 3651 1131 3734 potentialium
1156 3652 1394 3716 condicionum.
1410 3651 1474 3716 Hic
1489 3672 1545 3716 nc·

264 3774 327 3838 que
349 3776 503 3839 praesens
527 3778 635 3822 rerum
658 3765 761 3822 status
784 3760 967 3842 respicitur,
993 3765 1025 3822 et
1047 3765 1220 3839 utrumque
1245 3761 1446 3822 enuntiatum
1462 3780 1545 3823 sem-

263 3883 322 3947 per
347 3864 389 3927 ad
409 3865 552 3928 futurum
572 3871 708 3946 spectat,
733 3871 765 3929 et
789 3866 815 3928 is
840 3867 896 3945 qui
919 3865 1065 3945 loquitur
1086 3866 1291 3951 plerumque
1318 3886 1383 3930 non
1406 3865 1544 3944 dubitat,

265 3973 343 4052 quin
377 3978 549 4053 utrumque
588 3973 658 4033 lieri
695 3973 808 4054 possit,
844 3979 942 4053 atque
978 3974 1077 4035 etiam
1101 3973 1128 4034 si
1151 3972 1191 4035 de
1215 3973 1385 4053 aliquare
1408 3981 1545 4039 naturae

264 4079 429 4142 contraria
462 4079 551 4154 dicit,
586 4080 650 4141 hoc
688 4077 929 4158 quodammodo
969 4079 1174 4141 obliviscitur
1202 4079 1334 4159 fereque
1354 4099 1449 4162 posse
1473 4081 1544 4144 iieri

264 4187 366 4268 fingit.
403 4184 454 4248 Ne
477 4185 589 4247 multa:
615 4187 669 4248 hic
693 4185 774 4247 nihil
799 4186 983 4266 opponitur,
1018 4183 1066 4249 ibi
1089 4203 1217 4267 semper
1239 4186 1439 4268 intellegitur
1462 4186 1545 4250 illud

263 4313 298 4356 re
322 4313 402 4355 vera
425 4293 497 4356 fieri
520 4313 584 4354 non
607 4312 712 4376 posse.

307 4402 371 4465 Sed
406 4409 454 4465 est
489 4402 546 4464 ubi
581 4403 622 4465 ad
652 4421 780 4466 sensum
802 4401 886 4465 nihil
908 4402 1037 4477 referat,
1062 4407 1168 4464 utrum
1194 4401 1295 4478 dicas,
1319 4402 1422 4465 veluti
1445 4404 1479 4466 in
1503 4404 1542 4468 V.

265 4510 350 4571 1404
374 4516 406 4572 et
433 4510 527 4584 1437,
553 4528 633 4588 quos
658 4509 746 4572 locos
770 4528 870 4591 supra
893 4509 997 4585 attuli,
1023 4511 1136 4572 autin
1159 4508 1341 4571 Platonicis
1364 4510 1452 4572 Prot.
1479 4512 1541 4573 311
