3466 5406
735 460 883 522 ..5-

166 623 306 696 κορῶναι
330 621 366 684 ἐν
388 618 740 703 ταύτῷ,-Πανδώρᾳ
764 620 1018 696 θῦσαι-κριόν
1050 638 1143 696 „cum
1167 620 1361 684 incoluerint
1396 621 1447 708 vel

163 727 317 790 habitere
340 727 538 807 coeperiut“‚
563 745 638 790 non:
666 746 758 806 „cum
782 727 1004 790 habitaverint
1027 725 1244 790 veihabitare
1261 727 1447 791 desierintt.

206 938 296 1004 Aac.
321 940 392 1004 Sibi
415 959 481 1004 non
496 945 622 1004 constat
645 940 839 1023 Madvigius,
864 943 920 1021 qui
944 942 977 1004 in
1004 943 1221 1026 grammatica
1245 939 1374 1007 Graeca
1390 961 1450 1004 sua

160 1047 181 1130 ξ
207 1049 269 1112 lae
296 1049 315 1110 b
340 1053 372 1111 et
400 1049 461 1112 134
486 1048 527 1110 bc
551 1050 657 1124 docet,
682 1049 926 1112 coniunctivum
950 1055 982 1114 et
1006 1051 1199 1132 optativum,
1236 1069 1276 1114 ex
1310 1051 1373 1114 hoc
1398 1069 1450 1112 or-

163 1163 228 1218 tum
253 1154 467 1220 antecedente
490 1156 646 1219 historico
671 1161 828 1237 tempore,
852 1158 887 1220 in
908 1159 1073 1239 praesenti
1109 1158 1271 1222 actionem
1303 1161 1448 1219 contem-

161 1279 352 1344 poraneam,
375 1262 409 1323 in
433 1262 555 1324 aoristo
578 1280 804 1344 praegressum
826 1261 1021 1344 significare3
1045 1262 1063 1347 ξ
1090 1265 1152 1328 135
1177 1269 1287 1326 autem
1312 1262 1401 1339 dicit,
1415 1263 1449 1324 in

159 1368 334 1450 potentiali
357 1368 550 1432 condicione
573 1369 730 1432 aoristum
760 1370 901 1451 optativi
936 1388 974 1434 eo
1005 1375 1130 1433 tantum
1154 1367 1284 1432 differre
1308 1387 1329 1430 a
1351 1387 1447 1450 prae·

154 1476 253 1552 senti,
270 1475 359 1556 quod
383 1477 546 1540 actionem
568 1481 830 1542 momentaneam
855 1475 1010 1558 designet:
1035 1481 1070 1539 at
1093 1477 1178 1540 inter
1199 1476 1382 1557 optativum
1415 1477 1449 1540 in

159 1583 334 1665 potentiali
358 1583 551 1648 condicione
575 1589 715 1661 etcum,
741 1585 796 1665 qni
823 1602 863 1648 ex
893 1585 1101 1647 coniunctivo
1140 1589 1228 1646 ortus
1263 1583 1313 1656 ait,
1343 1600 1449 1664 neque

162 1693 223 1754 hoc
250 1709 357 1772 neque
383 1691 470 1754 aliud
498 1691 677 1772 quidquam
700 1693 866 1770 interesse,
891 1692 988 1756 facila
1012 1690 1178 1768 concedet,
1203 1690 1257 1771 qui
1274 1709 1384 1753 secum
1398 1709 1449 1752 re·

161 1800 339 1881 putaverit,
366 1819 465 1880 quam
490 1800 579 1864 tenui
602 1819 641 1864 ac
665 1801 732 1863 sere
754 1799 844 1862 nullo
879 1799 1065 1863 discrimine
1099 1797 1262 1862 interdum
1297 1796 1447 1860 condicio

160 1907 350 1988 potentialis
373 1913 543 1990 separetur
567 1909 608 1970 ab
633 1927 683 1982 ea,
708 1927 792 1988 quae
817 1908 1025 1990 conjunctivo
1050 1907 1138 1971 elata
1161 1911 1217 1969 cst.

205 2117 299 2200 Quae
327 2139 399 2184 cum
431 2123 479 2183 ita
501 2122 575 2199 sint,
599 2123 678 2184 satis
700 2123 783 2184 mihi
799 2119 1035 2184 demonstrasse
1051 2120 1177 2198 videor,
1190 2119 1343 2202 vulgatae
1361 2118 1449 2182 illiue

161 2226 329 2290 doetrinae
353 2226 563 2290 fundamenta
587 2227 620 2289 in
644 2246 742 2309 aqua,
768 2232 803 2289 ut
827 2228 928 2304 aiunt,
952 2228 1060 2309 posita
1083 2246 1161 2290 esse.
1185 2225 1376 2287 Proximum
1390 2227 1447 2300 est,

163 2341 198 2394 ut
220 2333 260 2396 de
285 2336 451 2398 contraria
473 2335 550 2397 huic
574 2335 697 2398 Ernstii
721 2334 869 2399 doctrina
894 2334 972 2416 quid
996 2335 1134 2397 sentiam
1150 2351 1321 2414 exponam.
1340 2330 1448 2411 Quam

169 2437 220 2500 iiie
240 2441 292 2502 vir
316 2439 519 2502 doctissimus
543 2442 591 2503 ita
615 2441 772 2523 expressit
797 2441 842 2522 (p.
872 2441 937 2522 18);
965 2441 1178 2524 „Apparebit
1206 2437 1367 2520 siquidem
1391 2455 1448 2498 ve-

171 2564 233 2608 ram
255 2559 286 2610 et
312 2566 386 2609 oum
412 2543 561 2612 Graecae
574 2549 705 2632 linguae
717 2550 917 2632 proprietate
930 2549 1176 2612 convenientem
1194 2546 1447 2628 explicationem

169 2671 237 2714 usos
261 2659 294 2718 et
318 2655 432 2716 aoristi
457 2661 488 2718 et
510 2657 692 2738 praesentis
714 2656 915 2718 coniunctivi
939 2655 1070 2736 assequi
1093 2653 1241 2732 velimus,
1270 2671 1344 2714 cum
1368 2655 1448 2712 tem·

161 2761 308 2842 poralem
332 2761 525 2826 relationem
547 2765 635 2827 inter
665 2764 812 2846 protasio
848 2770 880 2824 et
915 2760 1075 2843 apodosin
1109 2761 1203 2824 nobis
1230 2757 1447 2846 respuendam

163 2873 230 2932 tum
254 2871 359 2933 solam
383 2873 546 2935 actionem
570 2874 664 2936 verbi
687 2870 925 2954 respiciendam
949 2889 1028 2933 esse.
1054 2867 1148 2950 Quae
1165 2888 1237 2931 cum
1253 2869 1302 2930 ita
1315 2869 1388 2941 sint,
1407 2865 1447 2930 de

159 2996 217 3038 neu
254 2979 422 3058 utriusque
446 2979 583 3041 rationis
617 2981 719 3041 hacce
756 2983 934 3059 praecepta
968 2977 1183 3040 exhibuerim:
1221 2975 1448 3038 coniunctivus

154 3085 339 3166 praesentis
363 3103 383 3146 a
408 3082 545 3149 Graecis
569 3085 798 3163 adhibebatur,
823 3088 851 3148 si
875 3090 966 3146 actus
989 3085 1084 3148 verbi
1108 3085 1155 3145 ita
1183 3087 1252 3145 erat
1276 3100 1447 3162 compara-

156 3195 220 3266 tus,
246 3195 281 3252 ut
304 3189 481 3254 secundum
499 3193 753 3275 perpetuitatem
777 3192 831 3254 vel
854 3191 1050 3274 gravitatem
1073 3189 1262 3253 conveniret
1296 3209 1369 3250 cum
1394 3207 1448 3249 ac-

156 3297 247 3359 tione
271 3298 400 3362 infecta.
426 3295 659 3363 Coniunctivus
683 3299 796 3362 aoristi
820 3300 855 3361 in
877 3317 971 3360 nsum
987 3298 1179 3375 vocabatur,
1195 3298 1223 3360 si
1239 3302 1331 3359 actus
1352 3315 1448 3377 prae-

155 3404 262 3468 dicati
285 3412 531 3469 momentaneus
555 3413 625 3471 erat
649 3407 704 3470 vel
742 3407 861 3470 leviter
893 3403 1154 3488 pronuntiandus
1188 3403 1374 3481 videbatur,
1401 3403 1449 3464 ita

154 3517 193 3574 nt
217 3513 340 3575 actioni
368 3514 542 3576 aoristicae
558 3513 801 3596 responderet“.

203 3617 295 3681 Haec
320 3619 375 3682 ille
400 3627 431 3683 et
454 3631 553 3698 recte,
579 3620 824 3703 quodquidam
849 3619 891 3683 ad
913 3618 1181 3702 siqaificotc'ooem
1219 3618 1335 3680 horum
1368 3624 1448 3681 tem·

152 3745 274 3808 porum
299 3728 424 3804 attinet,
449 3728 547 3792 modo
575 3730 810 3811 „gravitatem
839 3735 872 3792 et
901 3727 1109 3804 „levitatem
1148 3725 1240 3788 illam
1276 3727 1446 3788 omisisset:

152 3851 233 3896 nam
258 3833 434 3897 admodum
457 3836 585 3898 lubrica
608 3856 659 3900 res
684 3844 742 3900 cst.
766 3836 811 3899 At
836 3856 909 3900 cum
933 3853 1028 3899 usum
1051 3839 1174 3917 specto,
1199 3852 1239 3895 ne
1264 3834 1297 3896 in
1325 3831 1448 3895 Ernstii

151 3939 291 4022 quidem
316 3939 464 4006 doctrina
488 3945 697 4024 acquiescere
715 3964 858 4026 possum.

206 4046 239 4126 1)
264 4042 353 4125 Quid
375 4049 459 4110 enim
485 4067 603 4112 causae
628 4056 686 4128 est,
711 4057 747 4114 ut
770 4051 812 4114 ab
838 4052 901 4113 hoc
927 4049 1049 4126 ordiar,
1086 4048 1173 4130 quod
1207 4047 1328 4108 aoristo
1361 4045 1446 4108 coni.

151 4171 324 4232 nonquam
348 4157 433 4217 actio
458 4163 732 4238 contemporanea
756 4155 937 4221 indicatur?
970 4157 1015 4219 At
1050 4159 1078 4220 si
1113 4157 1146 4217 in
1176 4155 1286 4236 specie
1323 4159 1448 4215 tantum

148 4281 284 4326 summa
308 4263 355 4325 rei
378 4270 568 4340 verteretur,
593 4266 656 4328 hoc
680 4267 751 4330 fieri
773 4271 894 4349 posset,
919 4271 956 4329 ut
978 4284 1037 4327 nos
1062 4264 1210 4328 dicimus:
1239 4283 1301 4340 „na
1324 4281 1364 4342 ny
1389 4279 1449 4323 un-

148 4388 251 4450 ΗῚΤΥ,
275 4388 369 4442 mvsa
392 4391 412 4432 a
436 4389 534 4453 ynpy,
558 4391 623 4434 ona
648 4372 767 4453 byners
793 4376 993 4450 cubanscu“‚
1019 4370 1110 4452 quod
1133 4366 1262 4434 Graece
1297 4369 1344 4431 ita
1375 4385 1449 4430 ver-

146 4473 290 4540 tendum
314 4481 371 4538 est:
396 4475 474 4540 ὅταν
499 4478 709 4555 ἀποθνήσκω,
733 4480 916 4556 γελάσεται.
952 4479 991 4542 In
1020 4477 1202 4543 indicativo
1240 4474 1372 4558 quidem
1401 4477 1450 4538 ita

145 4582 296 4646 acrisius
321 4581 447 4662 dicitur,
472 4589 508 4645 ut
530 4583 570 4646 N.
597 4587 638 4648 23
655 4587 683 4651 τί
699 4587 898 4666 ἐχρησάμην;
919 4585 964 4650 ὅτ’
988 4586 1222 4664 ἐπριάμην
1252 4586 1310 4650 τὸν
1327 4601 1450 4647 κοππα-
