3466 5406
854 393 1034 458 -4g..

332 560 407 626 ¹·Av.
433 562 496 624 555
521 560 601 642 (an.)
625 557 791 640 κᾶν-μὴ
816 563 862 642 φῇ
888 557 957 637 μηδ’
980 555 1117 639 ἐθελήσῃ
1143 559 1215 635 μηδ’
1227 555 1322 634 εὐθὺς
1334 554 1573 640 γνωσιμαχήσῃ,

299 669 440 750 πόλεμον
462 672 616 748 πρωυδᾶν
640 666 726 752 αὐτῷ
751 665 809 751 (sc.
834 665 1001 749 διδάσκω).
1067 722 1069 728 ,

344 774 402 840 Εο.
418 753 489 842 ,611
517 774 597 858 (an.)
620 774 661 852 ἢν
685 768 802 852 μείρακ’
827 771 904 836 ἰδὼν
929 772 1103 852 ἐπιθυμήσῃ
1132 772 1182 834 καὶ
1202 770 1352 850 βούληται
1367 768 1574 846 σκαλαθῦραι,

302 882 550 950 ἕξει-δοῦναι.
577 879 624 946 Of.
648 901 679 940 r.
706 881 780 942 618.

227 1047 229 1054 .
345 990 394 1052 Pl.
420 991 485 1052 494
508 989 635 1068 tir-b
659 989 809 1065 Πλοῦτος
837 987 907 1053 νυνὶ
931 986 1032 1070 βλέψῃ
1063 977 1327 1069 (,np0'aptern“)
1366 986 1415 1050 καὶ
1450 985 1489 1063 μὴ
1527 1004 1596 1047 τυ-1

302 1100 387 1176 φλός
411 1098 457 1161 ὢν
480 1101 665 1178 περινοστῇ,
689 1095 734 1172 ὡς
756 1093 834 1170 τοὺς
859 1093 1001 1170 ἀγαθοὺς
1025 1099 1090 1158 τῶν
1114 1093 1294 1171 ἀνθρώπων
1319 1095 1479 1172 βαδιεῖται.
1551 1095 1554 1100 “

273 1357 274 1360 ,
374 1303 407 1372 2.
430 1301 662 1384 Condiciones,
685 1322 771 1391 quse
794 1301 835 1369 ad
860 1298 1055 1368 indirectam
1078 1301 1308 1390 quaestionem
1336 1300 1509 1368 accedunt.

225 1487 228 1491 '
347 1478 495 1542 Alterum
520 1479 759 1542 enuntiatorum
784 1477 1054 1541 condicionalium
1078 1495 1188 1559 genus,
1213 1495 1297 1557 quae
1320 1476 1464 1540 medium
1481 1493 1579 1556 quen·

303 1586 377 1649 dam
401 1585 509 1649 locum
533 1591 643 1648 tenere
666 1584 818 1647 ridentur
841 1586 926 1648 inter
947 1585 1098 1666 proprias
1118 1583 1328 1648 .ccndiciones
1363 1588 1396 1647 et
1418 1582 1579 1664 quaestio-

301 1711 358 1755 nes
382 1692 542 1772 obliquas,
567 1692 626 1755 etsi
650 1709 792 1754 seorsum
817 1690 1021 1768 tractandum
1044 1691 1125 1752 mihi
1147 1692 1312 1773 proposui,
1326 1695 1434 1758 tamen
1452 1694 1579 1754 nostrae

301 1805 409 1886 potius
432 1802 671 1866 consuetudinis
694 1819 793 1864 causa
815 1819 913 1881 quam
938 1798 1139 1865 Graecorum
1163 1801 1196 1864 id
1221 1802 1291 1864 feci:
1314 1821 1388 1864 nam
1418 1801 1496 1880 quin
1518 1799 1580 1881 ipsi

301 1909 422 1977 Graeci
447 1910 603 1974 eiusmodi
628 1911 796 1972 enuntiata
810 1953 813 1962 ι
828 1929 887 1990 pro
922 1910 1020 1972 meris
1044 1908 1286 1973 condicionibus
1308 1908 1493 1984 habuerint,
1528 1907 1581 1968 vix

303 2018 583 2098 dubiteripotest.
607 2016 676 2080 Nec
702 2017 809 2080 differt
830 2017 892 2078 hoc
927 2034 1027 2097 genus
1065 2017 1106 2079 ab
1142 2034 1191 2092 eo,
1223 2003 1315 2096 ¹quod
1345 2016 1495 2092 tractavi,
1520 2015 1598 2078 nisi¹

220 2186 224 2195 ,
303 2125 391 2206 quod
415 2126 449 2186 iu
472 2124 529 2188 illo
552 2125 743 2206 plerumque
767 2122 946 2187 sententiae
981 2122 1193 2186 secundariae
1229 2125 1313 2187 ectio
1349 2129 1407 2188 eut
1436 2123 1581 2188 eiusdem

303 2233 456 2314 temporis
480 2238 527 2298 est
551 2252 589 2295 ac
612 2232 770 2314 primaria
794 2236 851 2293 aut
874 2249 947 2293 eam
971 2230 1142 2308 antecedit
1166 2232 1199 2294 in
1221 2233 1284 2295 hoc
1301 2233 1386 2295 actio
1403 2232 1581 2295 sententiae

303 2339 515 2404 secundariae
538 2340 728 2422 primariam
751 2338 907 2418 sequitur.
932 2336 1048 2417 Itaque
1084 2339 1296 2420 comparandi
1331 2359 1430 2404 causa
1457 2331 1583 2420 aliquot

305 2448 473 2510 enuntiata
495 2447 549 2510 hic
572 2446 724 2529 ponenda
747 2445 871 2527 putavi,
896 2462 980 2524 quae
996 2446 1127 2528 proprie
1144 2445 1187 2508 ad
1201 2443 1282 2510 illud
1297 2467 1397 2530 genus
1412 2444 1583 2510 referenda

304 2559 406 2632 erant,
428 2573 512 2636 quae
535 2573 576 2617 ne
599 2573 657 2617 nos
682 2552 814 2634 quidem
837 2571 897 2634 per
932 2551 1098 2632 obliquam
1134 2553 1419 2636 interrogationem
1453 2558 1583 2618 vertere

301 2664 470 2744 possimus,
496 2681 695 2745 quamquam
730 2681 841 2725 eorum
877 2661 963 2724 actio
997 2662 1188 2756 primariam
1223 2663 1315 2743 sequi
1349 2661 1495 2744 putanda
1524 2665 1581 2726 est.

303 2769 395 2834 Haec
418 2773 516 2854 igitur
539 2771 708 2833 enuntiata
731 2774 887 2849 tanquam
910 2767 1047 2849 gradum
1073 2770 1196 2833 faciunt
1230 2770 1271 2833 ab
1303 2770 1360 2833 illo
1394 2789 1513 2852 genere
1541 2766 1583 2832 ad
1712 2775 1713 2820 Τ

305 2877 452 2941 alterum.
477 2877 621 2942 Alterius
643 2877 771 2959 generis
795 2874 955 2957 exempla,
979 2880 1015 2938 ut
1037 2875 1115 2952 dixi,
1151 2894 1210 2958 per
1245 2876 1411 2958 obliquam
1445 2878 1583 2940 iuterro-

303 2986 469 3067 gaticnem
490 2990 617 3048 vertere
641 2983 791 3061 solemur
815 2983 978 3048 interdum
1001 2985 1136 3048 verbum
1160 2983 1300 3048 conandi
1323 2985 1376 3047 vel
1403 2983 1583 3065 quaerendi

305 3093 411 3156 audiri
446 3097 562 3176 potest3
598 3099 646 3157 est
681 3091 750 3158 ubi‘-
772 3095 855 3156 hacc
891 3092 1047 3174 loquendi
1076 3093 1268 3157 formatore
1302 3113 1367 3156 non
1402 3093 1532 3156 differat
1564 3113 1584 3155 a
1712 3167 1713 3180 ἶ

305 3203 464 3266 sententia
487 3202 586 3280 finali;
611 3201 870 3265 commodissime
893 3220 972 3264 vero
996 3201 1130 3265 Rosciae
1153 3222 1212 3285 per
1234 3203 1424 3283 primariam
1455 3207 1582 3267 senten·

306 3309 386 3370 tiam
411 3309 603 3391 exprimitur
627 3309 755 3372 adiecto
783 3327 933 3388 „uomens
957 3309 1078 3373 osrrsr.
1102 3310 1156 3374 Ad
1167 3312 1304 3375 verbum
1320 3313 1347 3374 si
1360 3311 1432 3393 quis
1446 3309 1583 3376 reddere

305 3417 396 3494 velit,
424 3418 504 3496 „nisi
527 3418 629 3482 forte“
659 3437 721 3498 „na
744 3417 866 3499 cnyueii
889 3420 984 3481 οοκαα
1011 3419 1235 3500 similibusque
1257 3419 1306 3482 uti
1328 3419 1438 3500 possit.

349 3541 387 3604 In
410 3541 541 3621 apcdost
564 3544 695 3607 alterius
718 3545 826 3626 specie
849 3544 967 3626 legitur
991 3543 1110 3608 locutio
1127 3545 1309 3627 imperandi
1324 3545 1489 3607 notionem
1507 3561 1583 3606 con·

304 3650 418 3727 tineus,
443 3653 478 3712 ut
501 3651 722 3732 imperativus
748 3653 969 3716 coniunctivus
991 3647 1182 3732 hortativus,
1206 3648 1393 3730 infinitivus3
1418 3652 1451 3714 in
1463 3650 1503 3714 N.
1519 3651 1582 3712 535

305 3757 411 3838 ipsum
434 3757 571 3820 verbum
595 3758 773 3838 quaerendi
798 3757 967 3842 (Ζητοῦσα)
992 3759 1096 3823 adest:
1129 3760 1172 3823 In·
1196 3759 1323 3840 protasi
1353 3777 1507 3842 praesens
1535 3762 1584 3820 ter

306 3868 432 3926 tantum
457 3862 579 3926 dictum
603 3870 651 3928 est
673 3865 713 3927 V.
739 3865 813 3927 649.
841 3867 936 3929 1515,
960 3866 1018 3928 Ec.
1046 3868 1118 3943 107,
1136 3867 1216 3931 alibi
1234 3868 1381 3930 acrisius.
1398 3864 1482 3929 Illud
1501 3883 1583 3946 quo·

307 3975 504 4052 quenctatu
528 3971 660 4054 dignum
685 3977 742 4050 est,
767 3971 855 4053 quod
880 3973 1062 4054 particulae
1087 3974 1305 4038 condicionali
1328 3975 1385 4039 ἐάν
1408 3973 1485 4036 addi
1501 3971 1585 4036 solet

305 4097 484 4161 pronomen
508 4082 564 4140 aut
588 4077 780 4142 adverbium
804 4078 1005 4142 indefinitum
1029 4082 1064 4155 ri,
1090 4085 1170 4159 πὼς,
1194 4084 1258 4146 ποὺ
1283 4083 1426 4165 exceptis
1449 4081 1489 4143 V.
1507 4079 1581 4141 649.

306 4186 347 4248 a.
374 4188 447 4248 644.
473 4183 623 4250 Ceterum
649 4187 737 4249 etin
761 4187 856 4248 huius
880 4187 1006 4269 generis
1031 4186 1276 4253 condicionibus
1301 4190 1388 4252 etin
1412 4189 1461 4265 iis,
1497 4203 1582 4268 quae

307 4314 326 4356 a
349 4295 459 4377 priore
483 4292 525 4356 ad
548 4295 610 4357 hcc
634 4293 770 4377 gradum
794 4295 926 4372 faciunt,
950 4295 1088 4376 protasis
1113 4296 1195 4360 solet
1218 4298 1309 4377 sequi
1334 4297 1502 4379 apudcsin.

351 4419 476 4500 Itaque,
502 4425 675 4502 antequam
700 4421 833 4484 alterius
856 4421 981 4504 generis
1006 4421 1055 4506 (2)
1080 4423 1230 4504 exempla
1253 4425 1396 4502 afferam,
1422 4446 1461 4489 ea
1481 4444 1582 4510 appu·

308 4547 393 4604 nam,
419 4546 513 4607 quae,
539 4535 695 4610 utsupra
720 4529 798 4606 dixi,
823 4529 863 4592 ed
898 4529 988 4610 prius
1023 4549 1122 4612 genus
1154 4532 1287 4614 proprie
1324 4535 1485 4614 pertinent
1520 4533 1569 4618 il)
