3446 5396
743 443 873 506 169-

138 599 361 679 quaestionem
385 619 453 664 esse
477 604 627 664 statuam:
663 599 744 664 illud
769 601 855 666 enim
878 600 1037 664 suadebat
1060 604 1092 663 et
1115 617 1223 666 sensus
1248 601 1280 660 et
1301 595 1415 660 simili·

137 705 215 772 tudo
238 728 272 776 v.
296 709 370 783 510,
394 708 696 792 hoo-anticipatio
719 709 857 774 subiecti
884 707 1292 790 contectaq=inprimauia
1315 723 1414 769 enun-

137 814 272 876 tiatione
297 814 460 892 collocati,
485 814 573 895 quod
596 816 630 877 in
655 816 899 896 quaestionibus
921 814 1108 899 saepissime
1141 815 1210 878 fieri
1242 814 1323 878 iuter
1347 831 1414 892 οια-1

135 938 193 983 nes
217 925 352 997 constat,
375 921 409 983 in
433 920 576 983 relativis
601 925 709 984 autem
733 922 898 984 sententiis
921 921 1030 984 nescio
1052 939 1094 982 an
1107 938 1202 983 nemo
1219 920 1414 983 observave-

135 1028 187 1090 rit.
212 1027 334 1090 Verum
359 1047 432 1094 cum
455 1029 567 1092 similis
591 1033 666 1092 usus
688 1029 751 1092 duo
775 1029 890 1094 saltem
926 1033 1014 1094 certa
1048 1027 1194 1108 nullique
1218 1025 1414 1089 dubitationi

135 1135 289 1209 obnoxia,
313 1135 361 1196 uti
385 1133 525 1210 videtur,
550 1135 702 1228 exempla
726 1136 920 1198 invenissem
943 1132 983 1195 A.
1011 1134 1073 1196 377
1098 1132 1196 1209 αὐτός
1220 1131 1245 1194 τ’
1276 1133 1363 1210 ἐμα
1379 1153 1413 1196 υ-

134 1249 221 1312 τὸν
261 1248 324 1312 ὑπὸ
351 1247 497 1325 Κλέωνος
532 1248 735 1313 ἅπαθον
772 1249 940 1326 ἐπίσταμαι
978 1250 1010 1308 et
1047 1243 1086 1307 n.
1115 1245 1179 1306 876
1217 1241 1338 1321 ἐμοῦ
1378 1243 1414 1304 δὲ

135 1355 175 1432 μὴ
201 1355 310 1433 μνείαν
333 1355 415 1433 ἔχειν
455 1353 594 1420 ὅσων
632 1357 797 1434 πέπονθας
824 1355 877 1437 (cf.
903 1353 1002 1418 etiam
1025 1351 1065 1416 N.
1095 1351 1203 1434 1115),
1242 1369 1325 1432 quae
1352 1348 1412 1432 pro

135 1461 379 1542 quaestionibus
404 1461 545 1542 obliquis
568 1459 658 1524 haud
680 1462 775 1525 facile
800 1481 996 1544 quemquam
1020 1461 1205 1525 habitururn
1233 1462 1322 1540 puto,
1346 1457 1422 1518 iam-

136 1565 245 1630 destiti
268 1566 418 1631 dubitare
441 1569 527 1631 bunc
552 1587 680 1650 quoque
696 1569 805 1632 locum
821 1570 855 1632 in
870 1569 1083 1632 relativorum
1098 1585 1267 1630 numerum
1283 1565 1412 1627 referre.
1455 1605 1458 1612 ·

177 1676 235 1737 Ec.
263 1677 325 1738 642
352 1675 432 1759 (an.)
458 1676 687 1753 τότε-αὐτοῖς
713 1677 773 1741 οὐκ
798 1675 881 1755 ἔμελ’
904 1677 1001 1741 οὐδὲν
1024 1678 1089 1740 τῶν
1113 1675 1299 1752 ἀλλοτρίων,
1321 1672 1412 1750 ὅσας

134 1783 243 1847 τύπτοι
270 1784 368 1863 „olim
392 1803 455 1847 non
481 1790 551 1847 erat
574 1782 612 1846 iis
637 1804 715 1847 cura
737 1790 867 1867 patrum
892 1785 1082 1860 alienorum,
1106 1783 1292 1864 quicunque
1316 1780 1371 1862 (=
1385 1782 1412 1842 si

134 1889 220 1974 quis)
246 1910 301 1954 eos
323 1893 553 1955 verberabat“.
1418 1885 1419 1888 ¹

529 2059 795 2144 Optativus
830 2035 1018 2124 acrisii.

175 2229 215 2294 N.
242 2232 306 2293 854
333 2230 351 2292 ὅ
377 2252 404 2294 τι
429 2229 557 2309 μάθοιμ’
583 2232 746 2308 ἑκάστοτε,
772 2231 1035 2310 ἐπελανθανόμην
1060 2231 1099 2293 ἂν
1123 2228 1230 2308 εὐθύς.

178 2337 212 2399 P.
240 2339 303 2400 643
330 2336 397 2418 (tr.)
421 2335 441 2411 ἡ
466 2337 693 2418 πάλις,-άττα
718 2341 861 2418 διαβάλοι
895 2359 941 2418 τις
977 2338 1067 2420 αὐτῇ,
1090 2338 1177 2401 ταῦτ’
1202 2337 1409 2416 ἂνψῆοθιεν,

142 2442 187 2506 ubi
211 2443 340 2506 codices
365 2463 476 2506 omnes
501 2448 613 2507 contra
637 2450 775 2507 metrum
800 2450 830 2507 at
855 2446 1100 2528 grammaticam
1124 2445 1247 2507 habent
1268 2443 1333 2507 ἅττ’
1358 2444 1407 2521 dv,

135 2548 294 2631 iidemque
317 2556 448 2632 praeter
470 2549 511 2626 R,
537 2553 584 2613 uti
607 2552 746 2631 videtur,
771 2556 944 2630 διαβάλλοι,
974 2552 1061 2636 quod
1085 2554 1190 2614 minus
1214 2557 1324 2634 aptum
1350 2557 1406 2615 est.

173 2655 213 2718 R.
240 2657 304 2720 845
330 2657 388 2720 οὐκ
414 2657 562 2736 ἰλήμοιιν,
588 2658 605 2720 ά
630 2680 657 2723 τι
680 2660 809 2738 τύχοιμι.

169 2997 609 3079 obstupescendae,
635 2998 663 3064 in
688 2999 866 3098 modorum
892 3021 951 3066 usu
976 2999 1152 3086 primarias
1178 3003 1365 3088 sequentes.

172 3182 357 3249 Sententiae
380 3184 540 3247 relativae
564 3182 724 3246 ductantur
749 3205 768 3244 a
791 3185 1035 3266 pronominibus
1058 3184 1112 3245 vel
1137 3184 1301 3248 adverbiis
1322 3185 1405 3247 rela-

131 3296 214 3372 tivis,
238 3314 323 3376 quae
347 3295 430 3358 infra
455 3295 564 3358 affero.

172 3403 356 3466 Sententiae
379 3401 540 3464 relativae
563 3401 659 3463 buius
682 3403 809 3482 generis
832 3403 951 3482 partim
977 3403 1016 3464 ad
1044 3407 1147 3466 certas
1161 3402 1405 3484 quasdamper-

127 3529 222 3574 sonas
245 3509 299 3572 vel
322 3529 373 3571 res
395 3510 567 3590 pertinent,
591 3510 711 3589 partim
736 3513 838 3570 totum
861 3527 961 3590 genus
984 3528 1192 3591 personarum
1218 3511 1272 3573 vel
1286 3529 1405 3583 rerum,

128 3637 265 3702 quarum
288 3635 440 3680 numerus
462 3617 602 3678 incertus
626 3621 683 3691 est,
710 3615 876 3693 definiunt,
899 3622 936 3678 ut
958 3618 1024 3679 fere
1048 3616 1307 3681 condicionalem
1338 3619 1405 3679 vim

126 3722 279 3799 habeant,
303 3721 337 3785 id
360 3721 448 3804 quod
471 3722 585 3787 Latine
619 3723 864 3806 pronominibus
896 3723 949 3787 vel
983 3723 1146 3788 adverbiis
1183 3726 1273 3786 in·-
1286 3743 1405 3802 cruorque

126 3831 327 3907 exeuntibus,
352 3831 488 3893 Rossice
515 3830 646 3907 „scandi
669 3851 738 3909 uro,
761 3839 854 3903 nesus
879 3833 956 3903 ruff
981 3828 1140 3893 similibus
1170 3830 1254 3892 verti
1287 3833 1402 3910 potest.

125 3938 176 4000 Ea
200 3943 309 4002 autem
334 3938 511 4013 muntium,
538 3956 621 4017 quae
644 3938 754 4020 priora
777 3938 849 4002 luco
873 3939 978 4019 posui,
1013 3941 1148 4020 possunt
1172 3941 1228 4000 aut
1250 3935 1405 4018 simpliei-

126 4048 174 4106 ter
195 4063 369 4126 personam
393 4043 448 4106 vel
469 4062 539 4106 rem
563 4043 707 4121 definire,
733 4051 790 4107 aut
808 4043 1048 4109 adverbialium
1071 4044 1310 4108 enuntiatorum
1333 4062 1403 4107 mu-

124 4170 198 4216 nere
223 4151 314 4232 fungi
337 4157 434 4232 atque
459 4171 602 4228 causam,
627 4150 897 4229 adversatorem,
933 4151 1110 4227 consilium,
1143 4151 1403 4216 consecutionem

125 4258 281 4324 indicare.

169 4363 314 4448 Quorum
339 4385 388 4443 ea,
413 4383 497 4446 quae
520 4362 711 4449 simpliciter
733 4386 906 4447 personam
941 4369 995 4432 vel
1030 4387 1098 4432 rem
1131 4369 1296 4446 definiunt,
1322 4387 1402 4452 quo·

124 4476 210 4540 niam
234 4475 317 4538 nihil
340 4494 361 4536 a
383 4474 494 4538 liberis
517 4475 683 4538 sententiis
708 4474 867 4554 differunt,
893 4478 1018 4554 omitt03
1044 4477 1149 4543 dicam
1173 4479 1273 4562 igitur
1296 4478 1337 4542 de
1352 4480 1401 4556 iis,

124 4599 206 4661 quae
230 4600 372 4656 eausam,
397 4580 667 4657 adventationem,
686 4581 866 4662 consilium,
887 4586 1157 4668 consecutionem,
1177 4585 1404 4650 condicionem
