3446 5396
820 450 1021 512 -168-

278 631 349 673 rum
373 629 432 694 pro
457 631 514 686 τοι,
540 609 628 690 quod
650 611 685 672 in
707 591 896 671 melioribus
919 607 1010 672 libris
1033 605 1096 668 RN
1119 607 1247 690 legitur,
1281 606 1495 689 interpolatus
1529 603 1555 666 B

277 718 415 802 praebet
436 739 492 795 τις,
518 721 592 780 ante
617 715 720 780 ἐθελοι
741 719 850 780 autem
873 735 919 792 τις
948 713 1039 778 dedit
1070 713 1223 778 Velsenus
1245 734 1305 798 pro
1330 693 1368 778 ίίν
1393 711 1555 788 eodiaum3

212 849 214 860 ·
276 825 364 890 idem
386 831 461 909 post
484 827 579 905 φίλον
602 825 736 888 inseruit
763 823 812 901 ἄν,
837 822 924 904 quod
948 843 969 886 a
992 822 1159 888 codicibus
1187 823 1287 887 abest.
1311 820 1407 885 Unde
1431 821 1557 905 etipse

277 933 434 998 Velsenus
458 942 490 998 et
512 933 687 997 Kuehneus
710 952 742 1015 p.
768 935 797 1010 5,
823 932 875 994 sui
900 930 1049 1013 displicet
1072 930 1111 995 ἄν
1133 931 1168 993 in
1184 931 1246 994 fine
1263 931 1359 993 totius
1377 927 1556 992 sententiae

277 1039 441 1123 seriptum,
461 1037 583 1122 ‘quibus
607 1058 666 1122 ego
692 1039 857 1113 assentior,
884 1037 1009 1100 malunt
1031 1037 1149 1100 iterata
1173 1037 1211 1102 ἄν
1234 1035 1398 1121 particula
1414 1036 1462 1098 ita
1478 1033 1556 1098 sari·

281 1147 369 1210 bere:
395 1145 473 1209 οὐδέ
496 1167 542 1224 τις
567 1145 709 1225 στέργειν
733 1146 773 1210 ἂν
793 1146 897 1210 ἐθέλοι
920 1147 1040 1224 μᾶλλον
1063 1145 1082 1222 ἢ
1106 1143 1160 1220 ’γὼ
1194 1146 1251 1209 τὸν
1274 1143 1370 1224 φίλον
1393 1142 1443 1221 ἄν,
1468 1143 1556 1228 ᾧπερ

277 1253 411 1330 ξυνείην.

323 1361 353 1442 β)
377 1359 416 1423 V.
446 1361 526 1424 1431
554 1361 642 1437 ἔρδοι
664 1382 720 1438 τις,
744 1361 783 1438 ἣν
808 1360 945 1438 ἕκαστος
969 1359 1061 1439 εἰδείη
1086 1361 1208 1441 τέχνηντ
1233 1360 1288 1421 hie
1312 1359 1490 1442 optativus,
1522 1361 1557 1418 ut

276 1469 309 1531 in
334 1469 482 1549 sequenti
503 1467 589 1544 λοοο,
613 1487 633 1529 a
658 1468 863 1530 coniunctivo
889 1465 962 1532 cunr
986 1467 1025 1532 ἄν
1049 1489 1113 1531 non
1138 1467 1252 1531 differt.
1614 1541 1617 1552 ι

283 1642 286 1648 ,
321 1557 360 1640 P.
384 1577 449 1640 437
476 1565 680 1659 (εὐχόμεσθα,
706 1580 742 1636 ut
764 1567 957 1650 Brunekiu's‚
980 1557 1250 1654 νολεύχώμεσθα,
1267 1573 1403 1658 utlibri)
1418 1572 1556 1648 ὅστις-

276 1665 423 1761 Ξυλλάβοι
446 1687 511 1747 τῶν
536 1683 698 1761 σχοινίων,
719 1686 835 1747 τοῦτον
859 1683 916 1746 τὸν
941 1683 1042 1760 ἄνδρα
1065 1686 1105 1761 μὴ
1132 1687 1240 1763 λαβεῖν
1263 1682 1334 1746 ποτ’
1355 1681 1486 1746 ἀσπίδα.
1504 1679 1556 1741 In·

278 1769 440 1854 dieativus
465 1793 572 1852 autem
605 1810 637 1851 ν.
673 1793 735 1852 441
773 1794 848 1873 post
883 1790 972 1868 ὅστις
1007 1791 1040 1853 in
1076 1791 1175 1854 simili
1206 1791 1365 1854 sententia
1388 1789 1555 1852 retinetur:

278 1899 573 1978 ὅστις-βούλεται,
598 1899 754 1975 μηδέποτε
778 1897 944 1963 παύσασθ’
969 1898 1078 1963 αὐτόν.
1104 1895 1150 1964 Cf.
1176 1897 1349 1963 Goodwin.
1376 1901 1452 1962 561.

225 2064 226 2072 ,
320 2007 356 2090 b)
379 2007 439 2070 Th.
467 2007 528 2069 581
553 2006 736 2088 (Εὐριπίδην
760 2011 860 2088 φασὶν
885 2009 986 2088 ἄνδρα
1011 2010 1218 2096 ἀναπέμψαι)
1241 2008 1296 2088 ἵν’,
1320 2011 1397 2075 ἅττα
1422 2011 1555 2092 βουλεύ-

279 2120 371 2179 οισθε
396 2116 447 2178 καὶ
470 2115 612 2192 μέλλοιτε
636 2119 726 2192 δρᾶν,
752 2115 873 2194 ἐκεῖνος
898 2115 945 2195 είη
970 2121 1034 2182 τῶν
1057 2118 1163 2194 λόγων
1188 2121 1402 2196 κατάσκοπος.

320 2223 371 2287 Pl.
396 2225 436 2286 41
464 2221 529 2305 ὅτῳ
553 2222 961 2302 ξυναντήσαιμι,-ἐκέλευε
984 2224 1099 2290 τούτου
1124 2227 1164 2305 μὴ
1189 2227 1351 2306 μεθίεσθαί
1374 2224 1402 2306 μ’
1431 2227 1485 2292 ἔτι.

322 2328 353 2412 ο)
377 2328 437 2395 Th.
463 2329 526 2392 872
551 2330 596 2406 τίς
619 2331 925 2411 τῶνδε-δωμάτων
949 2333 1012 2412 έχει
1036 2334 1164 2417 κράτος,
1189 2333 1280 2412 ὅστις
1304 2336 1417 2413 ξένους
1444 2335 1492 2416 (ll.
1510 2335 1556 2400 Ξέ-

276 2436 348 2521 νος)
373 2438 506 2514 trenna
530 2436 581 2501 De
602 2439 666 2500 hoe
690 2458 749 2502 usu
771 2440 901 2522 poetico
927 2441 1056 2522 egregie
1081 2440 1270 2523 disputavit,
1300 2439 1411 2505 multis
1449 2461 1556 2506 exem·

157 2559 158 2566 ¹
276 2547 340 2630 plis
364 2545 482 2624 allatis,
504 2546 691 2630 Kruegerus
714 2549 748 2610 in
772 2545 827 2613 Gr.
851 2548 896 2626 11,
922 2551 974 2626 54,
1002 2555 1030 2626 3,
1055 2551 1085 2618 8.

323 2653 357 2738 d)
382 2654 423 2718 V.
451 2655 535 2718 1458
560 2654 648 2736 (lyr.)
673 2655 938 2734 τὸ-ἀττοστῆναι
960 2660 1100 2736 χαλετιὸν
1125 2659 1261 2739 φύσεος,
1286 2661 1326 2738 ἣν
1351 2661 1416 2738 ἐχοι
1432 2681 1479 2737 τις
1499 2659 1556 2726 ἀεί.

275 2763 366 2828 Libri
391 2762 589 2827 dissentiunt:
611 2761 642 2824 e
664 2763 764 2840 habet
788 2764 865 2842 ἔχοι,
894 2764 1011 2846 reliqui
1047 2765 1117 2845 ἔχει.
1153 2767 1301 2847 Utraque
1335 2767 1433 2830 leutio
1469 2767 1557 2831 bona

277 2876 334 2949 est
358 2870 417 2934 sed
440 2871 516 2950 ἐχοι,
541 2875 577 2932 ut
601 2868 773 2947 difficilius,
796 2871 1045 2953 praeferendum
1072 2873 1209 2937 videtur.
1242 2871 1415 2956 Optativus
1447 2879 1556 2938 autem

276 2980 310 3040 in
345 2979 407 3041 isto
446 2978 519 3041 loeo
557 2978 730 3055 communi,
766 2978 927 3041 infinitivo
962 2981 1189 3062 praecedente,
1224 3002 1283 3065 pro
1309 2983 1392 3045 soni.
1418 3002 1493 3046 cum
1517 2981 1565 3046 ἄν.
1694 3015 1695 3026 ι

277 3085 390 3163 dietus,
416 3086 609 3168 explanatur
633 3105 673 3148 ex
695 3085 814 3170 Krueg.
841 3089 893 3164 54,
921 3089 971 3164 14,
996 3091 1015 3150 4
1040 3088 1129 3170 (vide
1151 3090 1196 3154 ibi
1221 3089 1319 3172 Soph.
1344 3087 1383 3153 Ο.
1401 3089 1442 3152 R.
1466 3089 1553 3172 315),

277 3189 451 3258 Goodwin.
479 3195 552 3260 555.

575 3361 623 3432 II.
653 3361 929 3436 ENUNTIATA
956 3355 1246 3438 GENERALIA.

320 3517 480 3584 Praesens
504 3523 567 3602 opt.
592 3519 626 3580 in
647 3518 771 3602 protest
796 3522 920 3599 quater,
958 3520 1096 3582 norisius
1129 3525 1176 3584 ter
1208 3520 1335 3603 legitur.
1360 3521 1398 3584 In
1421 3518 1553 3606 epodosl

275 3627 361 3691 binis
384 3625 466 3691 loeis
488 3627 652 3690 invenitur
674 3626 904 3708 imperfectum:
929 3626 975 3708 R.¹
996 3629 1070 3704 845.
1093 3628 1151 3690 Εσ.
1178 3629 1251 3707 642,
1279 3633 1311 3691 et
1333 3629 1553 3712 imperfectum

277 3753 347 3820 οιιω
371 3732 420 3797 ev:
450 3732 490 3796 N.
518 3736 591 3798 354.
616 3733 654 3796 Ρ.
681 3733 754 3811 643,
781 3736 829 3794 ter
848 3735 1060 3816 μαινίοιῗμίαω
1083 3737 1261 3816 praesentis
1284 3737 1354 3800 sive
1370 3737 1552 3819 potiusim-

276 3842 420 3925 perlecti,
443 3860 484 3918 ex
509 3841 628 3904 aorisia
653 3844 710 3906 aut
729 3841 919 3923 imperfecto
943 3860 1071 3906 nexum:
1094 3841 1135 3906 N.
1163 3845 1257 3908 1331.
1283 3843 1344 3906 Αν.
1378 3845 1452 3908 510.
1478 3845 1550 3905 513.

620 4006 884 4091 Optativus
917 4001 1226 4092 praesentis.¹

320 4154 362 4220 N.
390 4158 471 4218 1381
499 4154 585 4236 (tetr.
607 4151 721 4236 lamb.)
748 4155 780 4218 σ’
794 4154 959 4232 ἐξέθρεψα,
981 4154 1257 4233 αἰσθανόμενος·
1275 4155 1292 4218 ὅ
1310 4178 1338 4220 τι
1360 4158 1481 4236 νοοίης,
1497 4151 1550 4234 qui

276 4265 365 4326 loeus
390 4267 496 4325 tamen
519 4281 579 4344 pro
604 4260 739 4343 obliqua
763 4263 951 4344 quaestione
976 4280 1106 4343 quoque
1129 4264 1244 4326 haberi
1266 4269 1382 4348 potest.

320 4370 383 4436 Av.
410 4371 474 4436 510
500 4368 581 4450 (οτι.)
607 4367 731 4447 ἐκάθητ’
757 4367 844 4448 ὄρνις
869 4371 1017 4450 μετέχων,
1045 4368 1063 4431 ὅ
1089 4392 1116 4434 τι
1140 4373 1351 4452 δωροδοκοίη.

323 4480 385 4540 513
412 4475 492 4557 (an.)
518 4476 653 4554 εἱστήκει
676 4477 733 4540 τὸν
757 4476 937 4554 Λυσικράτη
973 4480 1090 4553 τηρῶν,
1118 4475 1136 4538 ὅ
1160 4498 1188 4539 τι
1212 4477 1421 4556 δωροδοκοίη.
1448 4473 1548 4556 Quem

277 4584 384 4648 locum
409 4583 463 4646 diu
487 4583 689 4668 multumque
713 4583 861 4648 dubitavi
884 4589 992 4646 utrum
1026 4582 1088 4646 hue
1124 4584 1272 4661 referam,
1308 4605 1349 4648 an
1384 4584 1546 4666 obliquam
