3468 5390
700 439 904 502 —loa-

155 593 345 674 ἐργασόμεθ’
369 596 415 679 (et
437 597 664 682 ἐργασόμεσ8’)
690 599 715 664 εἰ
740 605 773 664 et
796 600 989 665 ἀπολιπόντε
1012 621 1076 677 ποι,
1100 605 1273 683 praeterea
1294 603 1437 680 δεδιότες

155 701 190 764 in
212 702 282 766 solo
303 702 429 767 Veneto
453 704 582 787 legitur,
606 707 639 769 in
663 706 778 770 oetaris
802 707 932 772 δεδιότε.
958 704 1053 788 Quod
1081 725 1180 789 quarn
1215 713 1337 772 temere
1359 708 1438 772 Vel·

156 827 251 872 senus
274 810 398 888 leserit,
421 811 635 895 Bambergins
661 815 745 878 1885
769 831 802 896 p.
829 815 869 876 1·3
895 815 1018 896 optime
1041 814 1146 878 dooat:
1175 817 1267 900 „Ego
1281 833 1387 897 neque
1403 818 1437 878 in

156 915 305 980 eodioum
327 916 467 982 lectione
491 916 570 999 quid
593 921 789 1002 reprehendi
811 921 915 1003 possit
937 922 1091 1004 intellego
1116 929 1149 986 et
1171 925 1206 986 in
1221 923 1353 988 Velseni
1372 924 1436 988 leo·

156 1023 245 1086 tione
281 1024 307 1087 εἰ
347 1025 388 1087 ab
413 1026 505 1087 initio
531 1029 689 1091 enuntiati
713 1034 781 1090 tem
803 1029 900 1110 longe
923 1029 1078 1093 recedere
1111 1047 1208 1112 aegre
1239 1032 1367 1095 lero.-
1387 1029 1439 1093 De

154 1151 208 1196 ποι
232 1131 272 1193 of.
299 1131 383 1195 Aeh·
410 1133 495 1196 1035
521 1133 624 1198 ἀπιὼν
648 1135 764 1212 οἴμωζέ
788 1155 851 1200 ποι.
876 1135 1005 1198 Thesm.
1033 1137 1095 1198 792
1121 1137 1179 1202 κᾶν
1203 1139 1312 1219 ἐξέλθῃ
1329 1140 1366 1202 τὸ
1381 1139 1436 1213 γύ-

154 1239 246 1302 ναιόν
275 1243 367 1304 ποι“.

198 1345 358 1410 Similiter
380 1367 421 1410 ex
444 1347 646 1428 αἰσχρόν
663 1349 785 1432 pendet
809 1351 956 1414 eondioio
980 1353 1015 1414 in

197 1469 233 1533 L.
261 1473 326 1534 180
350 1473 600 1553 αἰσχρόν,-τόν
623 1477 771 1554 χρησμόν
794 1475 820 1540 εἰ
843 1481 1070 1555 προδώσομεν.

198 1594 233 1678 d)
258 1594 437 1659 Veniamus
461 1596 503 1661 ad
527 1617 582 1661 eos
606 1596 705 1676 locos,
730 1599 786 1663 nbi
805 1600 951 1679 protasis
985 1601 1068 1664 aetio
1103 1602 1256 1664 ostionem
1285 1601 1437 1682 «poderis

155 1701 309 1779 sequitur,
334 1706 370 1764 ut
391 1703 555 1766 interdum
578 1702 674 1766 simul
698 1706 733 1766 in
757 1706 865 1768 animo
891 1705 1036 1786 aliquem
1058 1707 1181 1770 hebere
1204 1705 1259 1770 vel
1283 1707 1356 1789 cogi
1382 1707 1437 1770 vel

154 1823 247 1890 posse
273 1790 399 1891 aliquid
422 1811 529 1874 faeere
553 1809 760 1892 significetur.
787 1807 882 1892 Quod
907 1818 939 1875 et
963 1832 980 1875 e
1004 1813 1163 1877 sententie
1186 1814 1251 1876 loci
1275 1813 1438 1896 intellegi-

156 1921 205 1977 tur
228 1919 261 1978 et
284 1915 359 1979 inde
383 1916 471 1997 quod
495 1916 647 1998 epodosis
671 1937 736 1980 non
758 1917 901 1979 futurum
917 1918 1028 1996 habet,
1045 1917 1102 1981 sed
1119 1926 1174 1983 aut
1189 1940 1342 2003 praesens
1357 1913 1443 1997 ind.‚'

157 2027 210 2084 ent
232 2022 474 2105 imperativum,
499 2027 556 2085 aut
579 2023 678 2086 etiarn
702 2025 916 2105 praeteritum
941 2023 994 2106 (R.
1022 2027 1073 2090 13.
1090 2025 1140 2088 Pl.
1160 2029 1248 2110 556).
1266 2024 1342 2110 Ipsa
1360 2047 1434 2091 con·

157 2125 237 2190 dicio
263 2145 362 2210 saepe
386 2127 428 2190 ed
451 2129 617 2191 notionem
640 2129 746 2193 finalis
771 2131 930 2194 enuntiati
952 2133 1102 2214 proxime
1126 2133 1262 2199 aceedit.

196 2251 236 2316 lt.
262 2255 327 2318 443
354 2251 434 2337 (an.)
459 2251 581 2332 τούμόν
605 2258 896 2336 σῶμα-παρέχω
919 2243 1192 2338 1τύπτειν-εἴπερ
1216 2261 1256 2326 τὰ
1279 2262 1435 2340 χμέοιδιοι-

163 2365 331 2440 φενξοῦμαι
353 2364 422 2439 τοῖς
446 2357 473 2424 τ’
499 2361 681 2440 ἀνθρώποις
705 2361 785 2426 εἶναι
808 2363 893 2428 δόξω
918 2363 1139 2441 θρασύς-πεῖ
1176 2367 1280 2443 μέλλω
1305 2369 1435 2445 διαφευ-

164 2469 274 2533 ξεῖσθαι
299 2469 403 2534 δόξειν
425 2487 468 2532 τε;
496 2469 598 2547 „istuc
623 2488 739 2550 eorpus
762 2489 872 2532 meum
896 2470 988 2533 trado
1013 2471 1263 2548 verberandum,
1288 2471 1435 2536 simodo

163 2592 209 2637 aas
228 2576 374 2640 alienum
398 2575 538 2658 effugere
560 2580 726 2658 possum“,
754 2576 826 2659 „(ee
850 2577 1054 2662 condicione)
1078 2585 1115 2642 ut
1142 2579 1208 2660 (vel
1242 2578 1354 2663 modo)
1381 2598 1436 2642 aes

158 2679 294 2745 alienum
319 2683 505 2766 effingiem“.
530 2686 595 2746 452
621 2677 705 2770 (an.)
726 2681 813 2748 ταῦτ’
838 2685 867 2748 εἴ
890 2705 927 2762 με
953 2686 1374 2765 καλοῦσι,-δριιίντων,-ό
1408 2706 1444 2775 τιΙ

154 2795 335 2874 χρῄζουσιν.
362 2791 447 2852 1035
473 2788 559 2873 (tetr.
584 2791 698 2874 lamb.)
723 2795 938 2856 δεινῶν-σοι
963 2792 1189 2871 βουλευμάτων
1214 2793 1435 2872 ἔοικεδεῑν,-

154 2897 241 2976 εἴπερ
265 2898 322 2962 τὸν
346 2895 436 2977 ἄνδρ’
461 2897 651 2978 ὑπερβαλεῑς
676 2899 790 2976 καὶμὴ
815 2899 928 2974 γέλωτ’
954 2897 1112 2979 ὀφλήσεις
1139 2901 1185 2980 „si
1209 2901 1259 2962 vis
1285 2918 1358 2962 eum
1382 2920 1434 2962 su-

153 3007 301 3086 perere“.

194 3132 236 3194 V.
263 3131 349 3193 1264
374 3131 674 3209 μαθητέον-ἐστὶ
696 3132 838 3208 πολλοὺς
861 3134 926 3194 τῶν
950 3131 1066 3206 λόγων,
1103 3131 1190 3208 εἴπερ
1227 3131 1256 3208 γ’
1289 3129 1433 3195 ἀποτίσω

153 3241 261 3319 μηδέν,
285 3239 343 3302 ubi
368 3243 399 3302 et
421 3237 649 3302 Ravennatem
674 3244 706 3302 et
729 3237 890 3300 Venetum
915 3238 1065 3300 omittere
1088 3237 1116 3312 γ’
1142 3236 1219 3300 dioit
1244 3236 1434 3299 Meinekeus

152 3347 184 3408 in
206 3365 281 3408 ann.
307 3364 351 3406 er.
378 3344 451 3420 Sed,
476 3349 511 3406 ut
534 3345 705 3408 Bekkerus
722 3349 857 3407 testatur
874 3351 1096 3424 quantumque
1114 3363 1154 3406 ex
1168 3343 1347 3426 Hirsehigii
1360 3344 1434 3406 sub·

154 3454 290 3517 obscuro
322 3457 401 3515 nota
421 3441 550 3533 ‘colligi
572 3457 690 3534 potest,
716 3450 802 3518 solus
825 3451 855 3511 V
878 3450 1076 3534 perticulam
1101 3451 1230 3526 omittit,
1264 3450 1296 3512 R
1325 3457 1433 3514 autem

154 3558 261 3622 habet.
286 3556 348 3620 Sed
373 3563 538 3638 uteunque
563 3576 613 3620 res
637 3558 803 3636 sehabet,
828 3563 967 3638 utreque
989 3557 1085 3620 leotio
1115 3575 1220 3639 aeque
1254 3559 1342 3620 bona
1376 3561 1433 3637 est;

154 3683 353 3746 quamquam
377 3666 403 3728 si
427 3664 633 3727 Florentinus
660 3667 678 3728 Γ
703 3684 843 3746 quoque,
867 3673 903 3728 ut
926 3666 1041 3743 ferunt,
1065 3665 1093 3740 γ’
1117 3684 1183 3728 non
1206 3665 1351 3729 habetet
1370 3665 1434 3728 Ve-

154 3775 218 3836 neti
240 3773 341 3855 ipsius
365 3773 541 3835 auotoritas
563 3773 597 3834 in
621 3772 734 3854 Vespis
760 3772 891 3852 quidem
913 3773 1016 3835 multo
1039 3773 1146 3834 maior
1170 3779 1217 3836 est
1245 3790 1343 3852 quem
1366 3771 1433 3834 Ra·

154 3881 299 3942 vennatis
325 3877 369 3960 (v.
394 3879 568 3960 Bamberg.
597 3880 680 3941 1865
705 3898 737 3960 p.
765 3878 832 3960 14),
857 3879 969 3942 malim
992 3879 1189 3961 particulam
1214 3880 1328 3941 omitti.

195 4007 232 4070 P.
258 4008 300 4070 88
326 4005 405 4088 (οτι.)
432 4007 472 4084 μή
489 4008 562 4069 πνεῖ
584 4026 636 4083 μοι
649 4005 835 4069 κανόν’-εἰ
848 4007 883 4068 δὲ
903 4005 1049 4083 ποιήσεις
1065 4008 1170 4080 τοῦτο,
1191 4005 1257 4068 κατ’
1275 4005 1430 4080 οἴκους-·

155 4118 271 4192 μεῖνον,
296 4131 376 4194 quos
399 4133 511 4176 versus
534 4114 642 4178 neseio
664 4132 730 4193 qua
746 4113 786 4176 de
804 4111 1112 4190 oausaMeinekeus,
1129 4111 1319 4174 Hamekero
1338 4110 1430 4188 duee,

156 4221 258 4284 eiecit.

196 4347 257 4410 Ατ.
284 4351 347 4412 159
375 4345 442 4431 (tr.)
468 4347 538 4426 αἶρε
562 4352 732 4426 πλῆκτρον,
758 4347 783 4410 εἰ
808 4348 900 4426 μαχεῖ
935 4344 982 4428 (ll.
1019 4345 1135 4428 μάχει).
1173 4344 1236 4406 900
1271 4341 1359 4425 (lyr.)
1385 4342 1433 4405 δεῖ

156 4458 418 4528 με-καλεῑν-
432 4455 587 4532 μάκαρας,
612 4453 669 4518 ἕνα
692 4457 761 4518 τινὰ
786 4453 897 4529 μόνον,
923 4453 1010 4530 εἴπερ
1033 4452 1143 4516 ἱκανόν
1167 4450 1244 4514 ἕξετ’
1273 4447 1359 4526 ὄψον
1386 4449 1432 4526 „si

157 4559 284 4639 quidem
308 4563 384 4624 satis
408 4562 534 4644 opsonii
558 4562 701 4625 habituri
727 4562 835 4624 estis“.
