3468 5390
721 449 921 511 -103-

172 629 338 692 nunquam
362 611 505 673 futurum
528 609 606 688 ind,
631 609 688 674 sed
711 611 936 674 coniunctivus
959 610 1098 691 ponitur,
1115 609 1271 691 temporis
1286 611 1370 674 ratio
1388 627 1457 674 om·

172 721 248 782 nino
272 717 471 801 neglegitur?
494 718 575 782 Sunt
599 718 741 799 denique
762 717 838 792 loci,
863 735 944 797 quos
966 735 1044 780 mox
1057 717 1202 793 afferam,
1216 718 1273 796 qui
1287 723 1356 780 tam
1372 718 1457 782 inter

172 848 207 892 se
231 827 354 890 similes
370 833 460 905 sunt,
485 831 522 889 ut
544 846 676 908 prorsus
700 826 817 889 dubius
852 827 999 902 haereas,
1035 844 1092 888 cur
1126 825 1161 886 in
1185 823 1289 888 altero
1325 823 1394 902 illa,
1421 825 1458 887 in

173 936 277 998 altero
301 935 364 996 hac
388 937 550 998 structura
572 932 726 996 maluerit
748 933 796 996 uti
821 933 968 1015 scriptor.

218 1039 374 1124 Omnium
397 1042 519 1124 optime
556 1039 596 1104 de
630 1041 694 1104 hac
728 1059 763 1104 re
797 1039 957 1105 iudicavit
992 1037 1263 1122 Gildcrslecveus,
1300 1040 1458 1120 probatus

171 1146 356 1213 Goodwino
382 1146 413 1232 (ᾖ
438 1147 528 1226 447),
554 1148 610 1228 qui
634 1148 681 1209 ita
709 1146 749 1211 de
784 1147 810 1210 εἰ
845 1165 921 1208 cum
956 1146 1063 1209 tuturo
1102 1145 1169 1208 ind.
1209 1145 1315 1208 docet:
1359 1143 1457 1222 ,This

172 1257 198 1317 is
223 1275 243 1317 a
264 1254 330 1316 still
354 1258 501 1336 stronger
522 1254 606 1316 form
631 1256 667 1316 ol
686 1255 873 1336 expression
896 1255 976 1316 than
999 1255 1053 1316 the
1088 1254 1303 1334 subjunctive,
1333 1253 1458 1336 though

172 1363 197 1424 it
216 1362 403 1424 sometimes
427 1359 601 1422 alternatos
625 1361 707 1422 with
731 1361 756 1421 it
779 1361 814 1422 in
837 1361 893 1422 the
916 1379 1005 1422 same
1029 1365 1191 1425 sentence.
1215 1359 1312 1435 Both,
1344 1360 1457 1421 howe-

173 1487 239 1544 ver,
266 1466 463 1549 correspond
488 1472 520 1530 to
545 1468 599 1530 the
622 1465 758 1549 English
782 1467 817 1549 is
837 1467 863 1530 J
886 1465 970 1528 sbott
993 1465 1032 1527 do
1057 1467 1131 1542 this,
1155 1467 1220 1528 ifJ
1245 1467 1286 1529 do
1303 1467 1377 1544 this,
1394 1471 1455 1529 etc.

171 1571 241 1637 The
264 1573 380 1649 future,
406 1593 441 1636 as
465 1593 506 1635 an
531 1573 695 1659 emphatic
719 1574 812 1652 form,
836 1575 864 1636 is
888 1573 1065 1656 especially
1100 1593 1249 1638 common
1266 1576 1378 1636 “when
1401 1574 1457 1636 the

173 1679 340 1745 condition
365 1683 510 1744 contains
534 1701 554 1742 a
578 1685 688 1763 strong
712 1681 829 1763 appcal
854 1687 886 1744 to
911 1683 966 1744 the
989 1681 1124 1763 feelings
1149 1700 1187 1743 or
1209 1701 1229 1743 a
1259 1683 1368 1744 threat
1383 1701 1420 1744 or
1436 1701 1457 1744 a

172 1788 353 1870 waming“.
378 1787 469 1850 Idem
494 1786 589 1850 docet
614 1787 645 1870 (ξ
669 1783 760 1870 407),
784 1787 928 1849 futurum
951 1787 1017 1850 ind.
1042 1789 1121 1870 poni
1145 1790 1178 1850 in
1196 1808 1235 1851 ca
1252 1789 1454 1862 condicione,

173 1915 257 1976 quae
282 1895 443 1978 exprimat
464 1913 618 1976 praesens
643 1893 813 1956 consilium
835 1894 890 1956 vel
913 1895 1141 1958 necessitatem
1164 1893 1306 1956 faciendi
1330 1893 1457 1977 aliquid

174 2001 228 2083 (,a
250 2005 384 2084 present
406 2000 565 2063 intention
589 2019 626 2063 or
648 2002 809 2082 necessity
826 2002 898 2064 that
914 2003 1097 2084 something
1108 2000 1193 2064 shall
1206 2003 1246 2064 be
1264 2001 1347 2064 done
1362 2003 1457 2064 here-

175 2107 303 2192 atter“),
328 2111 363 2169 ut
386 2127 446 2190 pro
467 2107 574 2169 futuro
600 2105 664 2170 dici
687 2109 790 2190 possit
813 2111 917 2186 μέλλω
943 2128 1015 2170 cum
1040 2109 1097 2170 int.
1130 2106 1256 2169 Eadem
1290 2108 1356 2170 iere
1373 2115 1456 2184 sunt,

176 2234 258 2296 quae
282 2213 353 2296 ipsc
377 2213 464 2296 apud
488 2214 742 2297 Aristophanem
776 2217 959 2278 observavi.
995 2214 1060 2278 Sed
1092 2214 1371 2297 praemonendum
1399 2220 1457 2289 est,

178 2323 229 2386 ἐάν
254 2341 280 2388 c.
308 2323 391 2384 coni.
416 2323 538 2402 ubique
561 2322 628 2385 fere
651 2343 711 2404 pro
736 2323 762 2387 εἰ
787 2342 814 2386 c.
839 2325 887 2385 lut
911 2322 977 2386 dici
1000 2340 1105 2404 posse:
1129 2341 1205 2383 nam
1223 2322 1273 2382 vis
1289 2322 1458 2401 utriusque

182 2434 353 2492 structurae
378 2429 493 2492 eadem
517 2435 574 2492 est.
599 2428 663 2492 Sed
687 2430 768 2493 alibi
791 2409 860 2507 illa,
885 2429 965 2493 alibi
988 2431 1070 2492 haec
1093 2429 1180 2491 ratio
1203 2427 1358 2509 loquendi
1388 2447 1458 2490 sae-

180 2538 246 2618 pius
270 2537 422 2600 occurrit.

216 2644 266 2705 Ac
291 2642 431 2726 primum
456 2643 588 2723 quidem
612 2643 697 2706 illud
722 2642 953 2706 attendendum
978 2647 1035 2719 est,
1061 2641 1231 2706 dimidium
1266 2642 1330 2704 hoc
1357 2659 1458 2723 genus

176 2751 402 2814 condicionum
427 2751 469 2813 ad
493 2749 668 2813 secundam
702 2769 876 2833 personam
910 2751 1084 2833 pertinere:
1121 2770 1162 2813 ex
1196 2751 1236 2811 79
1266 2749 1352 2811 enim
1375 2749 1458 2812 locis

174 2858 206 2918 in
230 2859 274 2920 40
300 2857 448 2920 condIcio
473 2876 547 2920 eum
572 2858 685 2942 tangit,
712 2876 852 2938 quocum
889 2857 1007 2936 aliquis
1041 2857 1198 2939 loquitur,
1226 2857 1341 2920 eodem
1376 2857 1458 2918 refe-

172 2965 264 3027 rendi
289 2971 362 3028 sunt
387 2970 404 3028 2
429 2966 505 3040 loci,
530 2965 587 3028 ubi
611 2966 707 3028 tertia
732 2970 788 3026 aut
809 2965 918 3046 prima
939 2984 1080 3046 persona
1103 2966 1137 3027 in
1161 2965 1295 3046 obliqua
1312 2961 1458 3027 oratione

171 3089 230 3154 pro
256 3071 398 3134 secunda
423 3072 512 3134 dicta
536 3079 593 3134 cst.
617 3071 756 3134 Restant
770 3076 809 3134 37
827 3070 902 3146 loci,
921 3089 1058 3150 quorum
1080 3075 1117 3134 15
1136 3071 1178 3134 ad
1194 3071 1344 3153 primam,
1359 3073 1400 3133 22
1415 3070 1459 3132 ad

173 3179 301 3240 tertiam
325 3179 496 3260 pertinent.
522 3177 644 3242 Contra
665 3179 699 3239 in
724 3177 975 3253 condicionibus
1000 3197 1085 3258 quac
1109 3179 1166 3242 ἐάν
1183 3198 1210 3241 c.
1229 3179 1310 3240 coni.
1323 3177 1457 3253 habent,

171 3287 350 3367 principem
374 3285 482 3347 locum
507 3285 603 3348 tertia
624 3303 765 3366 persona
788 3290 885 3360 tenet,
911 3302 995 3363 quae
1015 3286 1078 3348 150
1094 3284 1174 3347 locis
1189 3285 1365 3358 invenitur,
1379 3285 1412 3344 h.
1428 3303 1457 3346 c.

174 3391 341 3455 dimidium
364 3393 432 3455 fere
456 3392 597 3454 omnium
621 3392 685 3453 hoc
720 3409 821 3472 genus
857 3391 1083 3452 condicionum
1118 3392 1270 3467 continet,
1306 3410 1379 3454 cum
1415 3391 1459 3453 ad
1513 3467 1517 3478 Ι

175 3500 314 3580 primam
339 3501 390 3575 53,
417 3497 459 3562 ad
482 3498 658 3560 secundam
684 3500 747 3561 103
765 3497 915 3580 exempla
943 3499 1135 3579 pertineant.

215 3605 342 3669 Deinde
366 3608 429 3669 hoc
453 3606 637 3683 observavi,
663 3605 848 3686 saepissime
872 3605 898 3667 εἰ
933 3625 1007 3666 cum
1042 3605 1148 3668 tuturo
1185 3604 1250 3666 dici
1285 3606 1318 3670 in
1349 3607 1456 3685 orirer,

176 3730 253 3792 quas
277 3713 396 3794 aliquis
420 3715 461 3789 ei,
487 3731 629 3792 quocum
653 3713 806 3792 loquitur,
831 3712 857 3772 si
879 3712 943 3773 hoc
967 3711 1021 3774 vel
1043 3711 1124 3774 illud
1159 3713 1272 3774 fecerit
1302 3717 1358 3774 aut
1391 3732 1456 3775 non

174 3819 293 3898 lecerit,
317 3819 465 3882 intendit:
490 3819 578 3900 quod
603 3823 644 3884 23
668 3818 749 3880 locis
772 3818 893 3896 inveni,
931 3838 996 3898 quo
1033 3819 1267 3882 annumerandi
1302 3826 1374 3882 sunt
1409 3819 1457 3880 illi

175 3944 302 4006 quoque
327 3925 390 3988 duo
414 3925 479 3989 loci
501 3928 536 3989 in
560 3927 707 3990 oratione
732 3923 875 4005 obliqua.
899 3925 964 3990 Hic
987 3927 1044 3990 ἐάν
1068 3945 1096 3988 c.
1121 3927 1203 3990 coni.
1235 3925 1336 3988 multo
1352 3915 1475 3986 rarius¹

176 4034 322 4094 occurrit.
348 4030 478 4111 Contra,
504 4035 624 4114 siquis
648 4034 774 4097 absenti
799 4034 898 4096 alicui
921 4035 1099 4110 minitatur,
1122 4034 1315 4115 plerumque
1347 4035 1403 4098 ἐάν
1428 4052 1456 4097 c.

177 4139 256 4202 coni.
281 4141 392 4219 utitur,
416 4149 453 4204 ut
476 4140 515 4204 A.
542 4142 616 4204 839.
642 4142 717 4204 962.
741 4140 781 4203 N.
808 4141 882 4203 945.
907 4140 948 4202 V.
975 4144 1049 4204 374.
1072 4141 1111 4204 Ρ.
1137 4144 1211 4215 3173
1242 4141 1267 4203 εἰ
1303 4159 1376 4202 cum
1399 4139 1457 4201 tut.

176 4246 240 4310 ind.
265 4253 381 4328 quater
404 4253 529 4311 tantum
553 4251 684 4331 repperi
707 4249 751 4324 *t
774 4248 799 4332 ).

180 4403 496 4422 m

211 4493 348 4550 *Parum
369 4506 505 4554 accurate
524 4497 611 4567 igitur
631 4498 684 4552 viri
706 4498 783 4553 docti
802 4497 853 4568 illi,
872 4513 945 4567 quos
973 4499 1097 4570 laudavi,
1129 4499 1260 4555 universe
1291 4498 1389 4556 dicunt
1411 4500 1457 4568 „in

178 4578 274 4638 minis·
294 4585 350 4640 hoc
368 4584 440 4641 tisri.
