3468 5390
733 428 912 490 ..99...

161 585 293 662 ἀνάγειν
315 586 378 650 RV
403 595 516 650 contre
538 593 686 664 metrum,
710 589 831 669 partini
856 587 1028 663 ἀναγαγεῖν
1044 586 1142 650 UAM
1159 589 1344 664 exhibeant,
1361 607 1453 668 quae·

164 696 327 777 scriptura
350 696 403 758 vel
435 716 473 759 eo
503 696 721 778 suspicionem
751 701 872 772 movet,
905 693 994 774 quod
1014 696 1164 776 ,aoristus
1196 696 1350 758 infinitivi
1379 703 1445 758 tani

164 822 238 864 raro
262 803 294 862 in
318 801 503 865 Atticorum
525 821 672 865 sermone
696 803 797 864 verbo
822 802 945 877 μέλλειν
969 800 1164 883 adiungitur,
1182 811 1217 865 ut
1240 803 1445 882 Phrynichus

165 909 249 971 hanc
262 909 535 970 constructionem
544 909 688 986 ἐσχάτως
699 909 863 986 βάρβαρον
875 907 1020 988 appellet
1034 907 1079 987 (v.
1089 906 1300 971 Ruthertord.
1314 910 1445 989 poio).

164 1013 303 1076 Accedit
326 1012 423 1093 quod,
448 1014 517 1076 sive
542 1014 699 1078 acrisium
722 1015 792 1076 sive
823 1013 966 1076 buturum
999 1013 1055 1076 ins.
1079 1012 1226 1094 legimus,
1251 1024 1447 1094 anapaestus

165 1121 303 1184 efficitur
326 1121 360 1182 in
383 1122 480 1184 tertio
503 1120 588 1202 pede
605 1125 678 1202 (περ
695 1120 771 1203 εκει)
789 1121 846 1182 vix
861 1119 1011 1184 ferendus
1028 1123 1073 1196 (v.
1093 1119 1285 1184 Bernhardi.
1302 1141 1335 1201 p.
1355 1121 1444 1202 263).

165 1227 280 1290 Restat
303 1229 412 1310 igitur,
437 1234 482 1305 ut,
506 1230 672 1310 praesenti
696 1229 835 1306 ἀνάγειν,
853 1228 941 1309 quod
955 1231 990 1291 in
1007 1228 1198 1292 melioribus
1210 1227 1300 1294 libris
1316 1229 1445 1311 legitur,

164 1341 305 1411 serrato,
330 1353 402 1396 cum
427 1333 553 1414 aliquot
573 1334 744 1400 deterioris
766 1338 865 1397 notae
889 1334 1068 1409 codicibus,
1093 1353 1113 1396 a
1137 1333 1312 1414 Blaydcsio
1326 1335 1446 1412 allatis,

164 1444 200 1516 γέ
218 1441 416 1523 particulam
439 1448 513 1523 post
548 1443 637 1519 εἴπερ
659 1443 848 1505 inseramus:
873 1441 952 1506 licet
982 1441 1067 1506 enim
1089 1442 1138 1506 ibi
1160 1442 1324 1523 particula
1349 1444 1446 1506 metri

164 1567 263 1614 causa
276 1568 315 1612 ex
329 1548 466 1612 alicuius
479 1550 667 1612 coniectura
680 1549 794 1612 addita
805 1551 857 1626 sit,
871 1548 929 1612 sed
942 1554 1009 1612 tam
1021 1550 1108 1612 bona
1120 1554 1169 1612 est
1179 1550 1289 1626 laclia,
1298 1555 1333 1612 ut
1345 1551 1446 1631 ipsius

163 1655 394 1735 Aristophanis
419 1673 489 1718 esse
512 1653 673 1717 videatur.
698 1654 783 1718 Vide
799 1655 906 1718 Kock.
931 1655 1092 1718 ann-ln
1111 1656 1203 1718 initio
1218 1655 1445 1736 praecedentis

162 1781 275 1826 versus
290 1761 419 1825 codices
431 1764 591 1844 praebent
603 1762 658 1826 εἶτ’
670 1763 755 1841 αὐγάς
769 1763 912 1825 correxit
922 1762 1100 1826 Bentleius:
1114 1764 1315 1841 »Σοφοκλέα
1328 1764 1444 1846 inquit,

164 1870 314 1934 ultimam
338 1870 440 1934 habet
462 1869 604 1951 longam.
629 1869 697 1932 Aut
727 1888 804 1951 crgo
829 1869 903 1951 lege
927 1867 981 1934 εἰτ’
1007 1871 1046 1934 οὐ
1086 1873 1257 1949 Σοφοκλέα
1284 1873 1445 1949 πρότερον

169 1975 235 2042 ὄντ’
264 1978 445 2054 Εὐριπίδου,
470 1983 526 2039 aut
549 1977 630 2056 οὐχί,
656 1977 763 2040 deleto
799 1973 878 2042 ὄντ’.
912 1976 993 2040 Viro
1023 1977 1300 2059 praestantissimo
1330 1981 1446 2042 restitit

164 2084 357 2160 Brnnekius
383 2085 438 2164 qui
461 2085 495 2146 in
508 2085 678 2162 Σοφοκλέα
691 2084 773 2146 duas
785 2083 918 2146 ultimas
931 2085 966 2146 in
978 2103 1076 2146 unam
1091 2084 1275 2148 coalescere
1287 2090 1392 2167 putat,
1410 2093 1445 2152 ut

164 2195 196 2256 in
217 2194 331 2269 Πηλέα
365 2212 397 2253 ν.
423 2192 487 2256 863
512 2195 545 2253 et·
557 2190 712 2266 Ἡρακλέα
728 2190 786 2253 Th.
803 2193 855 2252 26.
869 2191 1082 2254 Recentiores
1096 2210 1216 2267 omnes,
1231 2191 1319 2271 quod
1331 2196 1443 2271 sciam,

167 2303 304 2382 priorem
328 2299 457 2361 Bentlei
481 2299 701 2362 coniecturam
724 2305 917 2380 receperunt
941 2299 1094 2380 (alteram
1116 2299 1355 2363 inconsiderate
1378 2302 1445 2365 lac·

172 2415 230 2470 tan
251 2413 341 2472 recte
370 2406 480 2470 docuit
515 2406 744 2473 Fritascheust.
769 2405 837 2469 Nos
860 2426 939 2470 vcro
974 2411 1084 2468 utrum
1118 2405 1235 2470 ducem
1258 2426 1443 2488 sequamur:

170 2515 344 2579 Bentleium
371 2534 412 2576 en
436 2514 638 2578 Brunckium
662 2519 761 2593 atque
783 2512 901 2578 libros?
922 2514 1086 2594 Equidem
1109 2516 1163 2579 hic
1179 2515 1281 2579 libros
1297 2516 1445 2582 deserere

167 2631 260 2702 atque
285 2620 412 2684 Bentlei
436 2621 527 2702 signa
550 2621 641 2700 sequi
665 2620 713 2684 fas
737 2638 805 2682 esse
828 2621 987 2683 existimo.
1012 2619 1097 2682 Nam
1122 2622 1181 2683 etsi
1199 2621 1321 2686 tradita
1345 2625 1446 2705 scrip·

165 2735 235 2792 tura
260 2729 373 2809 aliqua
396 2747 437 2790 ex
458 2735 553 2809 parte
578 2727 705 2791 duobus
728 2726 793 2790 illis
816 2727 896 2789 locis
920 2726 1050 2792 delendi
1072 2733 1189 2810 potest,
1214 2729 1318 2792 nihilo
1337 2731 1446 2796 minus

163 2839 370 2900 tamencum
394 2836 526 2898 omnino
551 2854 591 2897 ea
615 2835 795 2898 contractio
818 2835 986 2896 rarissima
1022 2838 1079 2911 est,
1104 2841 1172 2898 tum
1203 2836 1231 2898 si
1254 2836 1287 2897 in
1309 2836 1446 2918 reliquis

161 2923 291 3008 casibus
315 2941 431 3004 talium
455 2941 622 3004 nominum
645 2959 773 3021 semper
795 2942 828 3004 in
850 2941 1001 3005 iambicis
1036 2941 1169 3021 quidem
1208 2948 1241 3006 et
1270 2944 1445 3008 trochaicis

162 3051 310 3114 versibus
335 3051 520 3110 contractas
542 3046 663 3108 formas
687 3047 911 3127 aspernatur*
935 3046 1171 3128 Aristophanes
1186 3048 1310 3129 aliique
1327 3051 1443 3114 comici

163 3157 208 3236 (ν.
232 3154 339 3220 Koch.
364 3153 407 3217 ad
430 3154 469 3216 E.
484 3155 547 3216 285
565 3159 598 3216 et
611 3152 742 3234 Fragm.
760 3150 882 3217 Gratin.
903 3155 968 3235 15),
983 3173 1089 3218 nonne
1105 3155 1207 3218 multo
1224 3156 1327 3236 magis
1343 3157 1443 3218 etiam

162 3263 300 3328 eandem
323 3262 432 3343 legem
454 3261 489 3323 in
510 3260 701 3322 accusativo
725 3260 867 3322 valuisse
901 3259 1082 3341 putandum
1117 3259 1180 3324 est?
1215 3260 1354 3324 Accedit
1377 3262 1443 3325 alia

163 3369 458 3436 observatio.‘Jam
481 3367 608 3449 pridem
632 3366 743 3431 docuit
773 3367 938 3449 Reisigius
969 3365 1077 3450 (Coei.
1110 3388 1142 3449 p.
1169 3368 1237 3448 62),
1260 3369 1295 3432 in
1318 3368 1444 3432 Aristo·

160 3479 279 3560 phanis
303 3495 371 3540 esse
390 3474 632 3551 consuetudine,
657 3477 742 3537 utin
760 3477 905 3538 trimetro
924 3476 1066 3539 iambico
1090 3477 1229 3540 nominis
1253 3479 1444 3556 Σοφοκλέης

162 3584 209 3666 (et
231 3581 410 3664 similium),
435 3587 510 3644 ante
534 3600 703 3644 caesuram
726 3583 1019 3663 penthemimerem
1043 3583 1205 3658 collocati,
1231 3585 1443 3664 antepaenul·

161 3693 276 3754 timam
298 3692 367 3752 ictu
389 3690 517 3771 percuti
542 3688 655 3765 soleat,
681 3695 795 3753 contre
810 3695 884 3771 post
898 3709 1067 3753 caesuram
1078 3691 1186 3771 prima
1201 3689 1329 3770 syllaba
1342 3693 1443 3754 ictum

159 3800 293 3862 habeat.
317 3797 376 3860 Isti
400 3796 569 3859 doctrinae
591 3795 763 3860 nonnullos
786 3796 876 3858 locos
899 3815 1091 3878 repugnare,
1108 3801 1198 3860 recte
1212 3797 1444 3861 animadvertit

160 3906 376 3981 Fritzscheus,
401 3905 457 3984 qui
482 3911 590 3966 tamen
614 3924 713 3966 unum
737 3903 920 3986 exemplum
940 3922 957 3967 e
976 3901 1110 3968 Cratino
1130 3909 1243 3966 contra
1259 3922 1333 3966 eum
1350 3905 1445 3969 affert

161 4016 249 4096 (nam
276 4014 311 4076 in
333 4011 393 4073 Th.
422 4012 484 4073 168
508 4029 593 4072 nunc
617 4010 712 4072 aliter
734 4009 876 4091 legiturl:
901 4010 934 4071 in
957 4009 1063 4090 primo
1088 4009 1174 4072 enim
1197 4007 1292 4090 pede,
1318 4010 1375 4089 qui
1395 4015 1445 4074 est

162 4128 236 4184 ante
260 4137 439 4192 caesuram,
465 4123 581 4197 quarta
606 4137 625 4178 a
649 4117 712 4181 fine
736 4117 863 4197 syllaba
885 4117 1068 4199 percutitur
1092 4113 1231 4196 (Gratia.
1258 4117 1289 4192 2,
1316 4117 1354 4178 61
1381 4117 1394 4198 (
1417 4118 1442 4200 ).

161 4226 279 4309 Eupol.
305 4228 335 4301 2,
361 4228 424 4286 515
456 4223 526 4305 (16)
557 4223 627 4299 Mt,
663 4226 697 4286 in
733 4230 848 4305 quaito
885 4229 993 4286 autem
1027 4221 1122 4304 pede,
1148 4241 1346 4304 quamquam
1369 4229 1443 4306 post

196 4473 254 4526 *Iu
273 4471 435 4539 anapaestis
456 4485 549 4533 unum,
570 4468 645 4536 quod
665 4475 768 4538 exstat,
792 4468 952 4536 exemplum
974 4469 1114 4533 Σοφοκλεῖ
1129 4466 1162 4522 R.
1179 4467 1247 4522 1516
1269 4471 1442 4520 contractam

160 4561 278 4618 formam
297 4561 393 4628 habet,
412 4565 444 4614 ut
462 4575 516 4626 par
535 4567 586 4614 est:
606 4558 690 4614 aliter
711 4559 783 4616 enim
803 4561 831 4613 iu
852 4574 935 4616 uersu
958 4557 1025 4626 poni
1045 4563 1108 4612 non'
1121 4563 1244 4625 poterat.

1303 4645 1334 4696 7*
