3446 5396
711 471 757 534 ’-
784 485 847 548 ιιι
875 519 915 531 -

206 752 210 760 -
325 673 1301 796 1,auuuvnmvnvunrnvennusnrvrm.
1358 781 1361 790 .
1416 749 1420 760 ι

219 895 369 984 Optativi
393 901 427 961 in
450 897 502 962 his
526 919 601 964 usus
624 901 743 984 tn'plex
767 905 824 964 ast:
861 897 894 980 a)
919 887 1084 982 optativus
1118 899 1152 962 in
1174 899 1297 982 protasi
1320 898 1452 982 ponitur

171 1012 305 1092 propter
328 1009 553 1072 attractionem
577 1006 667 1071 modi
691 1009 762 1091 (ubi
786 1008 881 1071 aliter
904 1007 1047 1070 futurum
1071 1003 1136 1071 ind.
1153 1006 1207 1069 vel
1226 1006 1451 1069 coniunctivus

173 1134 247 1175 cum
282 1111 320 1178 ἄν
355 1113 522 1198 ponendus
558 1113 652 1198 erat),
678 1115 754 1196 quia
778 1112 931 1198 apodosis
954 1113 1027 1196 ipsa
1049 1113 1150 1176 habet
1174 1113 1357 1195 optativum
1381 1113 1451 1190 sive

171 1219 393 1305 potentialem,
430 1241 503 1285 cum
536 1223 698 1305 particula
721 1222 761 1286 ἄν
785 1221 1071 1297 coniunctum-4
1095 1219 1176 1282 locis
1200 1215 1260 1302 (α),
1285 1219 1354 1282 sive
1376 1238 1451 1303 pro·

171 1327 289 1409 prium,
312 1326 498 1392 nudum-l
535 1328 619 1391 loco:
655 1327 694 1390 V.
722 1331 819 1407 1431,
855 1345 919 1412 quo
943 1329 1084 1410 pertinet
1108 1327 1208 1390 etiam
1230 1325 1268 1390 P.
1293 1325 1370 1403 437,
1393 1325 1452 1389 ubi

171 1437 305 1516 propter
328 1431 494 1514 obliquam
518 1436 678 1498 rationem
703 1434 832 1499 dicendi
856 1435 997 1519 optativi
1010 1425 1127 1526 'locum
1152 1437 1239 1496 tenet
1260 1432 1451 1509 infinitivus,

111 1563 114 1570 ’
173 1559 222 1603 ex.
260 1560 290 1603 v.
332 1537 480 1618 εὔχεσθαι
514 1559 616 1629 nexus
649 1540 706 1624 (β).
730 1541 766 1623 1))
791 1539 848 1604 Bis
872 1540 1038 1623 optativus
1060 1558 1119 1622 pro
1145 1540 1352 1602 coniunctivo
1378 1555 1451 1602 cum

173 1643 212 1708 ἄν
251 1645 370 1728 legitur
406 1645 441 1707 in
475 1645 610 1727 obliqua
649 1648 798 1710 oratione
822 1646 864 1710 ad
886 1647 1099 1729 praeteritum
1122 1649 1248 1729 tempus
1271 1648 1453 1728 spectante..

174 1753 203 1836 e)
228 1753 334 1846 Semel
359 1753 393 1815 in
416 1774 512 1816 versu
537 1755 654 1836 tragici
679 1755 798 1818 coloris
823 1757 987 1839 optativus
1010 1757 1044 1817 in
1067 1754 1192 1838 protasi
1215 1754 1291 1816 vice
1306 1751 1451 1836 fungitur

172 1861 312 1942 optativi
336 1879 408 1922 cum
433 1861 471 1925 ἄν
496 1861 670 1939 coniuncti,
694 1863 729 1924 in
754 1863 889 1944 epodosi
912 1863 1077 1946 praesenti
1101 1860 1166 1924 ind.
1190 1862 1308 1945 posito.
1340 1859 1373 1941 d)
1396 1859 1454 1952 δοῖ

172 1969 236 2032 mel
261 1968 401 2049 denique
425 1971 591 2052 optativus
613 1969 732 2052 legitur
754 1991 813 2054 pro
838 1971 1046 2062 copiunctivo
1072 1990 1144 2032 oum
1168 1969 1207 2034 ἄν
1232 1969 1304 2051 (aut
1327 1965 1451 2034 indica-

172 2077 280 2139 cativo
303 2075 497 2160 praesentis)
522 2079 556 2139 in
579 2079 737 2141 sententia
760 2077 915 2160 generali,
930 2077 972 2140 ad
983 2097 1139 2161 praesens
1154 2078 1346 2162 pertinente,
1368 2096 1453 2172 quac

171 2186 319 2250 subiecta
343 2191 391 2248 est
413 2185 589 2250 infinitivo.
709 2243 711 2248 .
1159 2181 1162 2186 “

217 2291 379 2358 Praesens
419 2295 494 2374 opt·
519 2294 552 2354 in
590 2294 714 2376 protasi
755 2293 927 2376 quinquies
965 2293 1138 2356 invenitur:
1164 2293 1203 2361 V.
1232 2294 1327 2356 1431.
1355 2293 1449 2355 1458.

175 2397 233 2463 llv⁸
264 2401 334 2486 1¹28.
358 2397 417 2464 Th.
444 2398 519 2462 587.
544 2401 602 2463 Εο.
629 2403 704 2478 898,
729 2402 869 2464 (cbristus
894 2407 951 2464 ter:
975 2399 1016 2463 N.
1045 2403 1139 2465 1251.
1163 2401 1201 2471 P.
1227 2405 1303 2464 437.
1328 2399 1369 2462 R.
1396 2401 1448 2463 97.

330 2570 402 2632 Iam
424 2577 601 2652 sequuntur
624 2571 700 2634 toci.

216 2717 244 2760 a.
270 2695 304 2780 α)
328 2695 369 2760 N.
399 2698 478 2762 1251
508 2696 568 2761 οὐκ
592 2697 630 2761 ἂν
655 2696 811 2774 ἀποδοίην
835 2696 905 2760 οὐδ’
930 2695 970 2761 ἂν
994 2696 1114 2777 ὀβολὸν
1138 2695 1253 2773 οὐδενί,
1281 2695 1372 2773 ὅστις
1397 2712 1451 2758 κα-

170 2808 274 2871 λέσειε
298 2807 463 2884 κάρδοπον
484 2805 544 2883 τὴν
567 2806 742 2887 καρδόπην,
774 2803 830 2867 ubi
855 2804 882 2866 si
905 2805 939 2865 in
964 2803 1100 2887 spodosi
1123 2805 1265 2867 futurum
1303 2802 1370 2866 ind.
1402 2819 1450 2865 cs-

170 2915 227 2991 s'et,
251 2915 286 2977 in
309 2913 448 2978 relativo
472 2914 639 2977 enuntiato
664 2913 747 2977 coni.
773 2931 846 2975 cum
871 2909 910 2976 ἄν
932 2911 986 2974 vel
1010 2911 1151 2975 futurum
1174 2912 1241 2976 ind.
1264 2909 1450 2994 ponendum

170 3028 250 3087 crat.
782 3003 785 3007 ’

213 3128 275 3192 Av.
308 3130 367 3191 128
390 3127 480 3192 ”Επ.·
505 3127 601 3191 ποίαν
616 3121 823 3203 τιν’-ἥδιστ’
842 3126 881 3190 ἂν
898 3125 1038 3204 οἰκοίτην
1051 3129 1155 3205 πολιν;
1173 3125 1225 3190 Εὐ
1243 3131 1345 3192 ελπ.·
1365 3125 1453 3208 ὅπουἱ

170 3239 208 3302 τὰ
232 3236 365 3314 μέγιστα
388 3229 542 3312 πράγματ’
565 3234 612 3311 εἴη
638 3254 690 3311 μοι
712 3234 791 3297 ταδί·
817 3235 868 3299 ἐπὶ
890 3235 947 3312 τὴν
972 3233 1073 3311 θύραν
1097 3253 1157 3312 μου
1181 3237 1254 3318 πρῲ
1278 3253 1324 3313 τις
1348 3230 1455 3300 ἐλθὼν

171 3348 235 3407 τῶν
258 3343 363 3421 φίλων
386 3341 472 3416 λέγοι
495 3341 575 3406 ταδί.
599 3340 674 3404 Ηίο-
688 3358 818 3423 quoque
842 3341 904 3406 nisi
920 3342 1079 3422 primaria
1100 3342 1260 3405 sententia
1272 3343 1346 3426 ipsa
1358 3346 1450 3426 opta-

171 3453 237 3513 tivo
263 3451 431 3514 enuntiata
455 3454 547 3526 esset,
570 3450 606 3512 in
629 3449 822 3512 secundaria
847 3454 929 3512 esset
964 3450 1021 3512 fut.
1045 3449 1127 3526 ind.‚
1152 3457 1187 3512 ut
1211 3450 1310 3513 etiam
1327 3471 1358 3512 v.
1387 3452 1449 3512 137

171 3559 274 3624 docet:
302 3558 386 3622 ὅπου
411 3562 573 3623 ξυναντῶν
598 3579 649 3636 μοι
672 3559 742 3621 ταδί
764 3579 810 3636 τις
834 3559 996 3637 μέμψεται.
1027 3553 1180 3622 Ceterum
1203 3559 1245 3650 ίιι
1272 3558 1366 3623 libris
1389 3577 1448 3642 pro

170 3667 319 3742 circuitur,
345 3663 433 3745 quod
458 3661 599 3728 Cobetus
619 3665 768 3741 coniecit,
793 3665 912 3747 legitur
935 3663 1047 3728 οἰκοῖτ’
1072 3663 1121 3743 ἄν,
1148 3663 1246 3745 quod*
1260 3663 1320 3729 etsi
1342 3669 1450 3748 potest

170 3773 299 3838 (tetendi
322 3773 396 3835 loco
420 3771 480 3834 Th.
509 3773 572 3835 196
597 3775 648 3836 καί
669 3775 731 3850 γὰρ
756 3773 795 3837 ἂν
811 3771 984 3851 μαινοίμεθ’
1001 3771 1050 3849 ἄν,
1063 3773 1177 3836 malim
1195 3778 1303 3836 tamen
1318 3771 1448 3853 οἰκοίης,

170 3885 207 3944 et¹
238 3899 298 3963 pro
339 3901 390 3959 μοι
412 3881 492 3959 ταδί,
529 3880 617 3959 quod
641 3879 748 3944 eidem
772 3871 895 3945 (lobeto
921 3879 1066 3958 debetur,
1091 3880 1168 3944 libri
1191 3881 1314 3945 habent
1337 3869 1454 3960 τοιαδί,ι

169 3989 258 4052 nulla
282 4009 322 4053 ex
343 3995 437 4072 parte
460 3988 772 4069 reprehendendum.

216 4096 257 4164 R.
284 4098 324 4159 97
348 4097 660 4175 γόνιμον-ποιητὴν
674 4098 713 4160 ἂν
726 4097 788 4176 οὐχ
804 4095 1062 4174 εὕροις,-ὅστις
1080 4097 1164 4175 ῥῆμα
1176 4099 1325 4174 γενναῖον
1348 4097 1448 4163 λάκοι.

168 4203 231 4267 Hic
256 4221 385 4285 quoque
409 4205 591 4285 optativum
614 4205 704 4268 λάκοι
727 4203 761 4266 in
784 4203 882 4266 futuri
906 4204 972 4266 ind.
998 4205 1104 4266 locum
1129 4204 1327 4280 successisse,
1343 4221 1360 4265 e
1374 4219 1449 4284 pro·

168 4312 256 4374 ximo
281 4329 377 4373 versu
401 4313 547 4392 apparet:
573 4311 630 4373 ὡδί
653 4312 794 4389 γόνιμον,
821 4309 912 4388 ὅστις
936 4311 1114 4389 φθέγξεται.
1344 4298 1346 4307 ’
1423 4293 1425 4303 ’

214 4418 271 4480 Εο.
297 4419 362 4480 898
385 4417 470 4499 (lyr.)
493 4417 571 4480 οὐδέ
594 4437 642 4481 τοι
667 4419 810 4495 στέργειν
833 4437 879 4494 τις
902 4415 1005 4482 ἐθέλοι
1029 4419 1149 4494 μᾶλλον
1185 4417 1203 4493 ἢ
1234 4411 1291 4494 ’γὼ
1315 4417 1372 4480 τὸν
1395 4416 1449 4496 φί-

171 4530 228 4592 λον
252 4525 301 4605 ἄν,
327 4527 414 4610 ᾧπερ
439 4526 571 4603 ξυνείην.
597 4523 706 4588 Etiam
738 4523 802 4601 hio,
828 4523 953 4608 opinor,
990 4544 1079 4604 anus,
1115 4525 1142 4587 si
1176 4543 1235 4610 pro
1272 4525 1311 4588 ἂν
1346 4514 1448 4589 ἐθέλοι

170 4631 301 4698 dixisset
324 4634 479 4712 ἐθελήσει,
502 4651 562 4716 pro
587 4633 710 4711 ξυνείην
734 4651 861 4715 quoque
888 4631 995 4697 dicere
1017 4631 1128 4697 debuit
1144 4633 1328 4726 ξυνέσομᾳι.
1353 4623 1446 4697 Cete-
