3468 5390
707 417 885 478 ..65-

196 573 234 638 P.
260 575 325 638 330
349 573 417 658 (tr.)
442 573 504 638 οὐκ
525 574 566 638 ἂν
590 573 807 654 ὀρχησαίμεθ’,
831 575 919 652 εἴπερ
944 575 1171 654 ὠφελήσαιμέν
1192 573 1221 636 τί
1243 587 1292 637 σε.

199 683 262 744 712
287 681 399 759 Τρυ.·
423 678 474 760 ἆρ’
499 681 539 744 ἂν
564 685 718 758 βλαβῆναι
742 684 795 745 διὰ
816 682 936 760 χρόνου
969 682 999 744 τί
1022 697 1077 746 σοι
1099 681 1303 756 assir—ude
1327 663 1430 743 ’'Oud-

157 811 218 869 ρας
253 789 444 866 κατελάσας
479 787 540 867 Ἑρ
556 806 597 866 μ.·
634 787 701 862 οὔκ,
739 787 768 852 εἴ
801 809 838 863 γε
865 788 997 854 κυκεῶν’
1022 789 1155 866 ἐπιπίοις
1180 786 1368 866 βληχωνίαν.
1392 785 1430 848 Iu

153 897 216 960 hoe
238 895 312 958 loeo
337 894 458 977 duplex
486 893 601 958 vitium
615 895 719 957 inesse
743 894 789 956 ait
810 893 1039 956 Baehmaunus
1064 891 1239 974 (Philolog.
1263 890 1294 954 V
1316 889 1429 971 Suppl.

150 1022 183 1086 p.
222 1003 312 1086 266),
347 1001 435 1081 quod
470 1003 506 1075 γέ
539 999 704 1082 particula
739 1000 765 1063 εἰ
796 1001 1055 1064 coniunctionem
1079 1000 1231 1082 excipiat,
1256 1017 1330 1060 eum
1353 996 1430 1060 alibi

151 1109 209 1174 dr.
233 1110 294 1172 has
313 1108 448 1175 voeulas
471 1109 640 1190 seiungere
662 1107 767 1170 soleat
790 1107 843 1189 (ef.
866 1107 1012 1172 Dobraei
1033 1107 1121 1170 Adv.
1145 1107 1215 1170 erit.
1232 1083 1276 1180 ΪΙ,
1292 1123 1324 1186 p.
1341 1104 1429 1184 187),

151 1215 295 1296 etquod
319 1215 362 1280 ed
385 1215 445 1279 οὐκ
469 1214 669 1280 desideretur
691 1213 743 1292 ἄν,
766 1215 857 1280 utin
879 1213 920 1278 A.
948 1216 1021 1278 187.
1047 1215 1122 1278 966.
1149 1215 1244 1276 1036.
1279 1209 1321 1276 N.
1356 1210 1427 1272 108.

150 1324 190 1388 V.
215 1325 291 1388 298.
317 1323 367 1406 (P.
394 1323 484 1407 907).
508 1322 573 1386 Av.
599 1325 650 1386 11.
675 1322 778 1406 (816).
803 1321 841 1384 L.
868 1323 941 1384 113.
969 1323 1041 1387 115.
1068 1322 1142 1384 130.
1165 1319 1216 1382 Pl.
1242 1319 1317 1382 924.
1342 1313 1431 1396 Qua-

150 1451 185 1496 re
219 1429 426 1496 scribendum
451 1435 560 1494 eeusat
582 1429 652 1508 οὔκ,
678 1430 704 1496 εἰ
727 1430 872 1498 κυκεῶνά
904 1425 933 1506 γ’
958 1429 1101 1508 ἐπιπίοις.
1127 1433 1193 1504 aut,
1217 1425 1306 1508 quod
1328 1423 1429 1497 malit,

150 1539 209 1604 οὐκ
233 1539 273 1604 ἂν
297 1539 443 1603 κυκεῶνά
465 1532 495 1613 γ’
521 1541 663 1610 επιπιών.
698 1536 770 1602 Hae
801 1537 1006 1603 coniecturae
1030 1555 1129 1616 quem
1151 1537 1214 1601 siut
1235 1532 1374 1608 inutiles,
1396 1531 1431 1592 in

150 1647 233 1712 libro
270 1664 344 1710 meo
389 1646 458 1724 „Da
490 1665 627 1728 praepp.
664 1665 725 1708 usu
758 1644 836 1708 Ar.“
863 1663 906 1726 p.
934 1645 997 1706 120
1033 1641 1168 1706 ostendi.
1192 1639 1431 1703 Particularum

151 1757 236 1820 euim
260 1755 433 1818 collocatio
458 1754 486 1817 εἴ
509 1774 555 1830 γε,
581 1753 731 1834 quamvis
755 1750 842 1834 apud
866 1752 1018 1830 antiquos
1041 1749 1172 1830 quidem
1194 1766 1272 1810 rara
1286 1748 1336 1824 sit,
1353 1746 1430 1810 satis

150 1867 259 1928 tamen
285 1860 467 1931 defenditur
490 1866 523 1923 et
542 1861 642 1942 ipsius
665 1858 990 1940 Aristophanisloeo
1013 1857 1063 1922 Pl.
1091 1858 1187 1932 1202,
1212 1873 1308 1935 quem
1323 1853 1430 1916 Baeh-

148 1987 285 2032 menuus
319 1987 396 2030 saue
435 1966 551 2030 eadem
595 1965 635 2030 de
671 1985 770 2030 eausa
804 1965 995 2029 mutandum
1023 1968 1143 2039 censet,
1167 1962 1370 2036 stelionum,
1394 1967 1431 2020 ut

149 2075 225 2138 Eur.
251 2071 309 2138 Or.
326 2075 421 2136 1613.
447 2073 549 2138 Thuo.
576 2073 606 2148 6,
632 2072 684 2144 18,
710 2073 741 2148 2;
765 2073 795 2148 8,
821 2072 874 2147 87,
899 2074 930 2146 4;
953 2070 1049 2134 Dem.
1076 2071 1105 2146 7,
1128 2066 1351 2148 8;8,16;Lys
1376 2066 1429 2139 31,

151 2183 201 2260 27;
236 2182 416 2263 Antiphan.
454 2183 484 2255 3,
524 2182 597 2256 105,
623 2180 642 2240 2
666 2178 710 2240 Μ.
735 2178 881 2241 Platonis
916 2178 1006 2241 locos
1028 2177 1141 2241 Astius
1164 2177 1197 2238 iu
1219 2174 1324 2241 lexico
1347 2171 1374 2248 1,
1396 2190 1430 2253 p.

152 2290 209 2352 601
249 2287 391 2369 collegit,
431 2287 660 2368 Xenophontis
691 2286 809 2349 multos
843 2283 1084 2350 Baeumleinius
1117 2279 1173 2346 Gr.
1203 2279 1375 2344 Patrikelo
1396 2299 1429 2360 p.

155 2397 201 2458 65.
223 2396 240 2434 *
263 2394 334 2458 Nee
357 2395 430 2478 plus
454 2395 558 2458 altera
582 2397 650 2458 eius
674 2394 834 2457 dubitatio
857 2393 956 2456 valet:
980 2411 1056 2454 nam
1080 2410 1202 2466 eorum,
1221 2407 1302 2469 quos
1318 2393 1430 2450 eoutu·

158 2501 199 2578 lo,
227 2504 377 2569 loeorum
414 2507 448 2564 et
480 2503 585 2578 huius,
610 2501 650 2564 de
674 2520 739 2582 quo
770 2501 885 2582 agitur,
909 2498 1005 2580 longe
1030 2498 1095 2560 alia
1117 2498 1201 2560 ratio
1227 2501 1283 2559 est
1306 2495 1347 2558 Iu
1369 2494 1432 2556 illis

158 2610 231 2672 euim
255 2609 296 2676 ἄν
319 2610 537 2688 neeessprium
561 2614 618 2684 est,
642 2609 721 2688 quia
744 2608 907 2688 optativus
943 2606 997 2670 vel
1019 2605 1232 2687 praeteritum
1255 2601 1350 2665 simul
1374 2621 1431 2663 au·

155 2716 242 2794 litun
267 2717 302 2778 in
318 2717 380 2779 hoo
395 2716 609 2798 eapartieula
620 2715 700 2778 nihil
713 2734 794 2796 opus
817 2720 874 2776 est:
899 2733 975 2778 uam
999 2714 1129 2796 negatio
1154 2711 1197 2774 ad
1218 2710 1432 2773 indicativum

151 2828 264 2902 δοκεῖς,
303 2824 391 2904 quod
431 2823 570 2900 auditur,
605 2824 747 2906 pertinet
784 2821 838 2904 (οὐ
876 2825 982 2898 δοκεῖς
1012 2822 1052 2884 ἂν
1085 2825 1143 2900 βλ,
1168 2819 1253 2901 εί...);
1276 2819 1317 2882 οὐ
1342 2822 1429 2882 δοκῶ

148 2937 248 2998 ποιεῖν
284 2936 395 2994 autem
430 2930 546 2994 eodem
584 2931 681 2995 modo
720 2929 837 2995 dieitur
864 2934 963 3009 atque
987 2929 1048 2992 οὐκ
1071 2930 1127 3003 te,
1151 2929 1190 2991 οὔ
1215 2947 1295 3005 φημι
1315 2930 1427 2990 ποιεῖν.

194 3041 277 3104 1262
314 3040 340 3102 εἰ
363 3037 738 3116 θιαπρίσειεν,--λιίβοιμ’
769 3037 810 3101 ἂν
833 3037 903 3104 αὔτ’
927 3037 972 3112 εἰς
995 3038 1149 3116 χάρακας,
1174 3036 1230 3098 ιιλιί
1253 3034 1327 3097 libri
1352 3033 1432 3096 daut

148 3152 372 3226 διαπρισθεῖεν.
385 3145 590 3210 Emendandi
608 3147 730 3228 duplex
741 3148 797 3209 via
812 3165 881 3210 esse
896 3146 1036 3209 videtur.
1053 3149 1112 3208 aut
1134 3145 1329 3222 διαπρίσειεν
1352 3147 1430 3207 sori-

148 3255 298 3332 bendum,
323 3262 359 3318 ut
383 3254 575 3318 Mainakeus
598 3255 631 3316 in
655 3255 834 3336 exemplari
857 3273 914 3317 suo
940 3253 1050 3331 edidit,
1082 3257 1140 3314 aut
1163 3272 1236 3314 eum
1258 3251 1428 3314 Dindorfio

148 3364 357 3440 διαπρισθείη,
382 3361 470 3442 quod
492 3361 588 3424 Mein.
612 3363 682 3443 ipse
704 3367 820 3444 postea
841 3362 875 3425 in
897 3360 1053 3423 Vindiciis
1075 3380 1109 3441 p.
1132 3362 1175 3420 49
1198 3360 1361 3441 probavit.

192 3470 256 3534 Au.
283 3471 345 3534 168
370 3472 475 3546 ἐνορῶ
501 3468 945 3549 βούλευμα-καὶθιίναμιν,
982 3469 1001 3550 ᾗ
1037 3467 1083 3539 ul.
1118 3467 1154 3546 ἣ)
1189 3462 1303 3540 γένοιτ’
1328 3465 1378 3542 ἄν,
1403 3467 1429 3529 εί

149 3578 294 3642 πίθοισθέ
317 3597 379 3654 μοι.
403 3576 456 3640 Ita
480 3577 620 3640 eorrexit
642 3575 815 3639 Dawesius
839 3575 989 3639 oodioum
1011 3576 1159 3638 πείθεσθε
1196 3577 1227 3634 et
1253 3574 1427 3644 πείθεσθαι,

149 3683 234 3762 quod
257 3684 546 3748 verisimillimum
568 3681 709 3760 videtur,
734 3701 933 3764 quamquam
957 3682 1053 3744 aliter
1068 3697 1198 3761 quoque
1214 3678 1304 3742 loeus
1320 3699 1429 3742 emen·

149 3789 219 3854 dari
240 3797 356 3874 potest.

191 3896 226 3958 1..
256 3901 312 3960 lll
342 3893 471 3962 ἐθέλοιτ’
498 3896 586 3973 ἄν,-
595 3897 621 3961 εἰ
646 3898 790 3976 μηχανὴν
814 3893 935 3975 εὕροιμ’
960 3896 1257 3971 ἑγώ,-καταλῦσαι
1288 3894 1346 3956 τὸν
1369 3896 1427 3958 πό·
1475 3927 1480 3936 ¹

145 4063 462 4078 m

183 4162 198 4194 ’
217 4161 324 4216 Eadem
353 4159 387 4216 de
408 4173 505 4228 canas,
526 4159 621 4220 credo,
645 4159 772 4216 Cobetus
804 4159 958 4215 Meluekeo
978 4160 1117 4228 probatus
1136 4158 1164 4212 iu
1182 4157 1216 4211 V.
1235 4160 1288 4214 816
1307 4173 1360 4225 pro
1380 4157 1427 4210 lvo

147 4247 182 4314 γ’,
196 4251 234 4314 ἢν
250 4248 557 4318 καθεύδῃς,-ἐ1εγείρῃ
577 4247 603 4300 σ’
621 4249 719 4302 οὑτοσί
737 4249 824 4304 scribi
843 4249 927 4304 iussit
954 4248 991 4300 ἵν’
1013 4248 1047 4298 dv
1064 4249 1108 4315 ἠν,
1127 4244 1201 4314 quod
1220 4259 1304 4312 quam
1323 4243 1427 4298 salsum

148 4337 248 4392 situel
266 4338 349 4406 posti
369 4353 444 4392 nuno
466 4341 570 4392 sciunt.
589 4341 627 4390 At
646 4337 693 4390 ἵνα
711 4354 743 4400 γε
763 4347 879 4406 praeter
899 4339 974 4392 hunc
993 4337 1086 4390 lusum
1105 4336 1148 4392 bis
1170 4334 1246 4404 apud
1260 4338 1310 4388 Ar.
1329 4348 1427 4388 occur·

150 4427 186 4480 rit
215 4427 248 4482 E.
277 4427 329 4480 797
356 4433 385 4482 et
412 4427 569 4482 SOL-Nee
595 4429 714 4496 saepius
738 4428 853 4482 additur
871 4427 903 4489 γέ
922 4427 1109 4481 iurisiurandi
1130 4425 1267 4494 formulis,
1289 4431 1320 4478 ut
1339 4439 1426 4492 supra

150 4515 214 4588 dixi;
233 4517 364 4573 similiter
385 4519 425 4572 bis
446 4524 555 4570 tautum
575 4519 623 4571 Ar.
644 4519 738 4588 posuit
758 4520 853 4583 ὥσπερ
871 4532 902 4580 γε
922 4516 956 4571 V.
978 4518 1029 4571 172
1049 4523 1078 4571 et
1098 4515 1130 4570 R.
1152 4519 1229 4572 1168.

1302 4627 1317 4678 6
