3446 5396
839 415 1036 488 ..ιμ-

345 589 408 649 705
433 583 726 668 (en.)‘1'on‚-drov
750 584 846 662 οὗτός
882 585 910 662 γ’
942 586 1072 667 ἐπισίξῃ,
1098 586 1236 650 ἐπὶτῶν
1259 587 1382 665 ἐχθρῶν
1405 580 1462 649 τιν’
1486 583 1570 661 ἐπιρ-

299 693 405 771 ρύξας,
442 693 560 770 ἀγρίως
595 690 706 768 αὐτοῖς
745 691 909 774 ἐπιπηδᾷς.
949 692 998 754 De
1022 692 1128 754 forme
1149 691 1332 774 praedicati
1356 693 1390 754 in
1411 690 1572 754 sententie

298 798 469 882 temporali
496 798 625 864 codices
649 775 848 862 dissentiunt:
874 800 1031 864 aoristmn
1055 800 1177 883 ἐπισίξῃ
1200 800 1338 881 praebet
1360 799 1401 875 V,
1418 816 1571 882 praesens

298 908 419 989 ἑπισίῑῃ
444 900 573 985 reliqui.
597 905 715 968 Utrum
738 910 891 986 praestet,
915 925 979 968 non
1001 904 1156 968 diiudico:
1176 911 1348 985 utrumque
1366 906 1453 970 enim
1469 922 1570 984 aeque

298 1015 417 1076 honum
442 1019 499 1076 est.

343 1141 406 1200 715
432 1137 512 1219 (αα.)
539 1133 840 1202 cutim-osteor
865 1135 966 1213 αὐτοί,
990 1137 1048 1214 τὴν
1072 1136 1207 1216 Εὔβοιαν
1231 1136 1377 1202 διδόασιν
1400 1140 1483 1215 ύμῖν.

340 1261 378 1325 Ρ.
405 1263 467 1328 833
483 1262 718 1342 λέγουσι,-ύις
732 1261 864 1340 ἀστέρες
881 1261 1052 1341 γιγνόμεθ’,
1071 1261 1153 1328 όταν
1166 1249 1212 1341 τις
1225 1264 1382 1345 ἀποθάνῃ.
1404 1255 1569 1346 1179011.)

296 1362 374 1447 ἡνίκ’
399 1369 439 1434 ἂν
463 1365 490 1432 δ’
516 1369 597 1433 οἴκοι
621 1370 786 1444 γένωνται,
803 1372 925 1444 δρῶσιν
949 1367 1011 1432 ούκ
1035 1368 1205 1448 ἀνασχετά.
1564 1403 1567 1408 ,

339 1489 402 1553 Av.
429 1471 491 1554 4'89
519 1489 599 1573 (en.)
624 1489 746 1555 ὁπόταν
770 1479 872 1570 νόμον
894 1488 1027 1569 ὄρθριον
1050 1493 1126 1574 ᾄσῃ,
1152 1489 1362 1571 ἀναπηδῶσιν
1384 1482 1521 1568 πάντες.Ι

343 1617 426 1677 1355
453 1613 568 1692 έπὴνδ
592 1617 694 1692 πατὴρ
720 1611 737 1676 ὁ
761 1617 921 1692 πελαργὸς
946 1613 1176 1693 ἐκπετησίμους
1199 1615 1321 1691 πάντας
1345 1613 1463 1696 ποιήσῃ
1495 1613 1571 1689 τοὺς

295 1727 595 1800 πελαργιδῆς,·-δεῑ
616 1723 693 1798 τούς
716 1723 867 1800 νεοττούς
890 1723 949 1786 τὸν
971 1722 1278 1800 πατέρα-τρέφειν.
1314 1721 1363 1782 De
1387 1722 1494 1784 forme
1518 1740 1571 1782 ec-

296 1831 436 1893 cusetivi
470 1834 671 1907 πελαργιδῆς.
707 1849 766 1910 pro
802 1833 916 1906 π-εῑς
953 1829 1109 1893 librorum
1145 1850 1165 1891 a
1188 1826 1358 1891 Dindorfio
1384 1827 1471 1904 dete,
1495 1827 1571 1889 vide

295 1958 367 2008 cum
404 1935 485 2002 elios
526 1941 593 1998 tum
628 1935 827 2010 Weckleinii
864 1934 938 2000 Cur.
980 1937 1149 2020 epigraph.
1173 1956 1206 2017 p.
1233 1937 1284 2000 21.
1309 1933 1429 1997 Fateor
1453 1940 1570 2018 temen,

294 2048 378 2108 hano
403 2045 638 2107 correctionem
669 2044 855 2126 scrupulum
890 2045 973 2106 mihi
995 2044 1127 2108 inicere.
1153 2041 1285 2108 Certum
1310 2043 1351 2124 (3)
1375 2045 1461 2106 enim
1484 2042 1570 2130 illius

294 2154 418 2215 formee
442 2151 627 2233 exemplum
651 2172 750 2213 unum
774 2149 905 2214 videtur
929 2150 1084 2215 traditum
1120 2171 1189 2215 esse
1222 2151 1319 2235 Soph.
1346 2151 1399 2214 Ar.
1427 2151 1490 2214 390
1517 2156 1570 2231 βα-

295 2263 387 2334 σιλῆς
412 2258 501 2339 (nem
526 2258 559 2320 in
582 2257 666 2321 Xen.
693 2253 767 2338 Cyr.
796 2260 824 2334 1,
849 2260 868 2320 2
893 2277 952 2341 pro
977 2263 1088 2337 νομῆς,
1116 2255 1203 2338 quod
1219 2257 1317 2339 vulgo
1332 2257 1571 2334 affertur,nune

295 2364 413 2446 legitur
436 2363 570 2445 νομεῖς),
595 2383 700 2444 neque
723 2363 929 2427 Herodianus
954 2365 1021 2427 elia
1045 2364 1195 2447 exemplo
1218 2371 1348 2447 praeter
1369 2366 1453 2428 haec
1477 2365 1571 2428 effer·

294 2490 328 2532 re
351 2471 468 2552 potuit.
486 2471 551 2534 Sed
566 2491 639 2535 com
665 2492 719 2548 εις,
746 2491 829 2551 qnae
846 2477 895 2534 est
911 2473 1097 2536 terminatio
1121 2473 1312 2539 recentioris
1336 2472 1462 2550 aetatis,
1475 2491 1570 2555 pree-

293 2579 403 2640 sertim
427 2579 489 2640 hoc
515 2579 586 2641 loco
612 2579 644 2640 in
671 2580 826 2660 „antique
850 2580 954 2662 lege“‚
980 2581 1014 2643 in
1038 2600 1103 2661 qua
1127 2582 1226 2644 etiem
1251 2583 1346 2664 epioe
1362 2581 1466 2643 forme
1490 2581 1569 2660 ἐπήν

293 2693 562 2769 repraesentetur,
587 2689 644 2748 vix
667 2687 743 2751 ferri
765 2690 879 2771 possit,
903 2689 1016 2752 melim
1041 2689 1191 2771 equidem
1216 2690 1305 2772 (nem
1330 2711 1369 2753 ex
1393 2691 1487 2754 melis
1513 2691 1569 2754 eli-

292 2794 398 2878 genda
429 2802 502 2857 sunt
538 2791 687 2878 minima')
712 2799 921 2875 πελαργιδέας
946 2816 1019 2859 enm
1043 2798 1180 2878 syniresi
1212 2797 1331 2880 legere,
1357 2804 1391 2861 ot
1412 2799 1570 2876 Ἠρακλέα

292 2903 369 2965 item
393 2904 427 2964 in
450 2903 565 2969 ultimo
588 2903 672 2986 pede
695 2903 755 2966 Th.
782 2907 834 2980 26,
858 2905 968 2982 Πηλέα
991 2904 1032 2966 R.
1059 2905 1145 2968 863:

336 3029 371 3090 L.
400 3032 480 3094 1231
511 3029 592 3094 ὅταν
616 3032 759 3111 ἔλθωμεν
783 3031 826 3108 εἰς
851 3029 1225 3110 Λακεδαίμονά-εὐθύς
1250 3032 1416 3111 βλέπομεν.
1495 2993 1498 3002 ί

336 3153 377 3222 R.
406 3157 443 3216 17
469 3156 533 3231 ἐγὼ
556 3157 728 3235 θεώμενος,
753 3155 830 3221 ὅταν
853 3178 880 3220 τι
903 3156 1027 3222 τούτων
1051 3162 1115 3222 τῶν
1144 3158 1359 3236 σοφισμάτων
1374 3159 1568 3237 ἴδω-πρε·

292 3262 449 3340 σβύτερος
474 3263 659 3342 ἀπέρχομαι.
698 3264 760 3326 746
786 3263 971 3328 ἐποπτεύειν
994 3268 1093 3341 δοκῶ,
1123 3262 1566 3348 όταν-καταράσωμαι-τῷ

291 3369 441 3452 δεσπότῃ.
466 3372 529 3433 877
557 3369 645 3452 (lyr.)
671 3370 982 3449 Μοῦσαι,-φρένας
1006 3372 1038 3434 αἳ
1063 3376 1220 3449 καθορᾶτε
1244 3371 1507 3450 ἀνδρῶν,-όταν
1524 3376 1567 3452 εἰς

292 3477 535 3554 ἔριν-ἔλθωσι.
577 3480 661 3541 1042
699 3477 781 3561 (en.)
816 3474 856 3542 ἵν’
897 3477 1052 3556 ἐπαίροιμ’
1089 3478 1190 3557 ἀνδρα
1210 3479 1340 3556 πολίτην
1364 3480 1567 3548 ἀντεκτείνειν

292 3584 390 3647 αὑτὸν
413 3585 549 3661 τούτοις,
575 3583 698 3650 ὁπόταν
722 3588 898 3663 σάλπιγγος
922 3585 1058 3668 ἀκούσῃ.

335 3707 387 3772 Pl.
418 3708 475 3769 107
501 3705 580 3782 ἡνίκ’
607 3710 646 3774 ἂν
670 3712 705 3774 δέ
728 3731 789 3789 μου
813 3711 1029 3790 τύχωσι-καὶ
1052 3711 1206 3787 γένωνται
1242 3712 1401 3787 πλούσιοι,
1427 3713 1566 3795 ἀτεχνῶς

291 3816 527 3893 ὑπερβάλλουσι
550 3823 585 3897 τῇ
612 3819 777 3900 μοχθηρίᾳ.
804 3820 867 3882 150
889 3818 1121 3897 τὰς-ἑταίρας
1148 3819 1366 3897 φασί-όταν
1389 3822 1445 3898 μὲν
1468 3821 1566 3898 αὐτάς

290 3943 336 3998 τις
357 3903 458 4000 πένης
481 3929 600 4001 πειρῶν
622 3925 711 4008 τύχῃ,
735 3925 813 3989 οὐδὲ
835 3926 1008 4005 προσέχειν
1031 3925 1089 3989 τόν
1105 3926 1263 4006 νούν,ἐὰν
1277 3927 1313 3990 δέ
1329 3927 1484 4005 πλούσιος
1502 3933 1564 3993 κτλ.

335 4048 398 4109 904
423 4047 670 4128 σκάπτομαι,-
691 4049 770 4115 όταν
804 4050 891 4134 τύχῃ,
917 4050 1004 4134 quod
1027 4050 1184 4113 Velsenus
1209 4051 1312 4116 edidit
1334 4072 1393 4136 pro
1418 4052 1502 4132 τύχω
1528 4072 1566 4117 ex

290 4175 377 4218 vene
395 4155 633 4218 Hemsterhusii
658 4159 855 4221 coniectura.
875 4156 1033 4223 Codicum
1051 4159 1244 4240 scripturam
1270 4161 1351 4224 bene
1376 4179 1410 4223 se
1432 4162 1564 4237 hebere,

293 4264 428 4346 colliges
452 4282 492 4326 ex
515 4264 556 4326 iis
579 4265 671 4342 locis,
696 4284 777 4346 quos
799 4266 995 4349 Bleydesius
1010 4267 1044 4329 in
1062 4267 1293 4330 commentario
1319 4267 1360 4330 ed
1384 4268 1469 4332 hunc
1493 4287 1564 4332 ver·

290 4391 361 4438 sum
385 4373 556 4454 congessit.
