3446 5396
685 449 886 513 -161-

191 611 255 675 Ar.
279 613 343 678 400
368 611 500 676 ἀκούετε
523 615 597 698 λεῲ·
621 612 697 690 τοὺς
732 610 1126 691 δπλίτας-σκοπεῑν,--ύ
1160 635 1187 678 τι
1222 613 1262 678 ἂν
1284 614 1425 691 προγρά-

147 740 270 799 φωμεν.
306 722 369 784 564
396 718 476 802 (an.)
511 720 1083 798 διδάσκω-προσνείμασθαι·-τοῑσι
1107 722 1230 784 θεοῖσιν
1251 724 1317 784 τῶν
1341 719 1425 798 ὀρνί-

147 833 224 907 θων,
248 831 285 906 ὃς
308 828 349 892 ἂν
371 829 512 910 ἁρμόττῃ
537 827 584 910 (ll.
610 826 745 910 ἁρμόζῃ)
769 825 840 891 καθ’
865 826 1012 892 ἕκαστον.

191 937 256 998 928
280 934 407 1017 (poeta)
431 936 489 1012 δὸς
513 935 591 1013 έμίν,
617 931 635 996 ὅ
661 956 688 999 τι
711 933 1068 1018 περ·-θε’λῃς·-δύμεν,
1101 936 1161 1000 ubi
1183 939 1304 998 temere
1327 935 1425 1016 Blay·

148 1039 254 1104 dusius
274 1063 333 1124 pro
358 1045 452 1124 θέλῃς
475 1043 605 1124 scripsit
627 1042 728 1120 θέλεις
753 1042 1013 1124 sx'interpolato
1038 1041 1151 1106 οοάίοε
1175 1042 1213 1120 B,
1231 1043 1283 1105 cui
1301 1041 1424 1105 nullam

146 1147 244 1211 fidem
278 1150 394 1214 haberi
427 1167 521 1232 posse
556 1167 654 1232 supra
690 1149 796 1214 duem:
828 1152 990 1215 namhoc
1014 1151 1085 1233 ipse
1108 1151 1182 1214 Ιοαο
1205 1150 1292 1215 idem
1315 1151 1341 1214 B
1365 1168 1425 1234 pre

146 1259 212 1336 ἐμίν
246 1259 384 1340 praebet
414 1257 499 1335 ἡμῑν;
534 1277 594 1340 μοι
627 1277 661 1322 se
700 1263 807 1322 tamen
838 1259 1044 1336 indicativus,
1068 1260 1096 1321 si
1117 1260 1222 1323 verba
1242 1260 1343 1341 ipsius
1367 1259 1424 1322 Ar.

147 1372 262 1444 essent,
286 1367 403 1429 usitato
427 1384 574 1428 sermone
597 1367 727 1449 scripta,
752 1368 854 1431 etiam
869 1367 1101 1449 praeferendus
1118 1373 1190 1430 erat
1205 1369 1425 1430 coniunctius:

146 1495 220 1538 nam
258 1477 361 1540 verba
398 1473 532 1538 volendi
565 1475 599 1536 in
636 1473 767 1552 talibus,
801 1481 838 1540 ut
871 1475 956 1540 inire
991 1475 1126 1552 docebo,
1150 1476 1217 1540 fere
1241 1494 1368 1558 semper
1391 1477 1426 1538 in

147 1583 326 1648 indicativo
350 1588 524 1666 ponuntur.
720 1647 723 1654 ,
1215 1657 1222 1674 l
1254 1663 1260 1672 .

162 1761 165 1770 ,
192 1695 278 1756 1115
303 1690 370 1774 (tr.)
396 1691 484 1768 ὑμῶν
509 1690 549 1767 ὃς
573 1690 612 1754 ἂν
624 1692 666 1768 μὴ
679 1691 752 1769 μῆν’
767 1691 815 1774 (11.
829 1693 942 1770 μήνην,
955 1693 1062 1774 μηνιν)
1076 1691 1279 1774 ἔχῃ-δίκην
1290 1695 1425 1758 δώσετε.

189 1801 224 1861 L.
251 1800 316 1862 210
339 1797 595 1876 λεγέτω,-ἁπερ
619 1798 659 1861 ἂν
683 1797 770 1874 κάγὼ
794 1799 889 1874 λέγω.
918 1801 999 1864 1121
1026 1798 1152 1864 οὗ-ἂν
1176 1805 1298 1878 διδῶσι,
1322 1801 1425 1877 πρόσ-

147 1931 202 1986 αγε
227 1908 344 1973 τούτου
369 1908 540 1987 λαβομένη,
576 1907 633 1969 ubi
668 1886 783 1972 τὀύτου
819 1913 908 1970 reete
932 1909 1109 1974 eunieeisse
1132 1913 1211 1990 putu
1234 1907 1424 1974 Dubraeum

147 2037 203 2100 pro
228 2016 374 2093 τούτους.
655 2077 659 2085 .

188 2125 249 2191 m.
276 2126 317 2189 90
343 2123 525 2206 (Ἀγάθωνα
548 2125 656 2187 πεῖσαι
682 2122 836 2201 βούλομαι
876 2123 920 2201 εἰς
955 2123 1187 2203 Θεσμοφόροιν
1222 2125 1339 2208 ἐλθεῖν)
1365 2125 1426 2204 χᾶν

148 2236 210 2317 δέῃ,
238 2227 359 2298 λέξονθ’
385 2231 464 2307 ὑπὲρ
489 2229 578 2306 ἐμοῦ,
602 2230 660 2293 ubi
682 2229 741 2309 χάν
764 2228 923 2296 Valsenus
946 2251 987 2295 ex
1022 2230 1210 2296 Marklsndi
1239 2233 1429 2299 coniectura

152 2341 274 2424 suripsit
295 2357 356 2420 pro
381 2337 449 2414 κᾶν,
474 2336 562 2417 quod
584 2337 734 2408 inlibris
757 2337 886 2422 legitur.
912 2335 1005 2420 Quae
1030 2341 1217 2404 aonieatura
1232 2340 1328 2410 ,inihi
1344 2356 1425 2421 quu-

154 2467 207 2529 qne
231 2447 399 2530 probatur:
425 2444 482 2510 κάν
508 2446 592 2508 enim
617 2450 684 2508 tum
709 2451 821 2528 aptum
838 2450 930 2523 asset,
948 2448 976 2510 si
990 2445 1166 2530 Euripides
1182 2447 1332 2524 nesciret,
1348 2465 1425 2510 num

150 2575 227 2638 epus
249 2555 392 2618 intumm
415 2557 499 2618 esset
519 2572 581 2635 pre
615 2573 650 2618 se
683 2556 719 2618 in
753 2555 926 2618 mulierum
965 2555 1122 2618 concione
1157 2553 1276 2630 diaere;
1316 2559 1351 2617 at
1383 2573 1425 2618 ex

147 2683 197 2726 vv.
225 2662 400 2726 rel-188
426 2666 573 2743 apparat,
595 2661 686 2726 illum
711 2661 752 2728 de
776 2682 816 2726 ea
837 2682 874 2726 re
896 2682 938 2728 ne
962 2662 1114 2728 dubitare
1137 2661 1279 2743 quidem.

188 2769 230 2834 R.
257 2770 318 2832 161
345 2769 377 2832 οἵ
401 2784 455 2832 σοι
478 2769 645 2848 φράσουσ’
671 2770 871 2834 ἁπαξάπανθ’
896 2769 942 2834 ὧν
967 2771 1007 2834 ἂν
1030 2772 1097 2851 δέῃ.
1123 2771 1186 2834 259
1203 2768 1293 2852 (lyr.)
1312 2789 1422 2848 κεκρα-

144 2875 474 2957 ξόμεσθά-ὁπόσον
497 2875 516 2949 ἡ
542 2877 668 2954 φάρυγξ
693 2876 731 2940 ἂν
754 2874 846 2953 ἡμῶν
869 2879 1023 2960 χανδάνῃ.
1049 2879 1111 2940 702
1138 2875 1206 2959 (tr.)
1230 2876 1354 2955 πάντας
1371 2874 1425 2938 ἁν-

148 2985 352 3062 θρύιπους-
365 2984 531 3062 συγγενεῖς
555 2983 745 3061 κτησώμεθα
777 2983 966 3061 κάπιτίμους
997 2985 1047 3046 καὶ
1081 2983 1223 3058 πολίτας,
1259 2980 1350 3057 ὅστις
1385 2980 1424 3044 άν

145 3097 357 3173 ξυνναυμαχῇ.
383 3091 446 3152 894
472 3088 578 3168 ὀρθῶς
602 3087 632 3168 μ’
657 3090 807 3170 ἐλέγχειν,
833 3088 879 3154 ὧν
903 3090 942 3154 ἂν
966 3089 1111 3168 ἅπτωμαι
1135 3090 1252 3164 λόγων.

170 3191 246 3262 'Eu
272 3200 335 3262 290
360 3195 450 3280 (lyr.)
475 3197 714 3275 ἠπείλησε-ὁ
738 3201 945 3277 θεσμοθέτης,
972 3199 1012 3276 δς
1036 3198 1075 3262 ἂν
1100 3199 1142 3276 μὴ
1164 3195 1423 3280 πρῴ-ἥκῃ,-

144 3309 185 3386 μὴ
209 3309 325 3371 δώσειν
348 3307 385 3370 τὸ
408 3307 594 3381 τριώβολον.
620 3306 684 3367 298
710 3305 798 3388 (lyr.)
825 3304 917 3384 ὅπως
947 3307 1085 3383 πλησίον
1121 3302 1340 3382 καθεδούμεθ’,
1378 3303 1425 3380 ὡς

145 3415 185 3478 ἂν
207 3417 438 3494 χειροτονῶμεν
462 3409 588 3489 ἅπανθ’,
612 3410 708 3476 ὁπόσ
733 3413 772 3477 ἂν
796 3413 852 3495 δέῃ
877 3414 934 3489 τὰς
957 3410 1113 3490 ἡμετέρας
1136 3411 1244 3490 φίλας.

188 3521 238 3584 Pl.
264 3523 326 3584 471
353 3517 572 3597 ποιεῖτον,-ὅ
595 3541 622 3582 τι
646 3519 685 3582 ἂν
710 3521 783 3598 ύμῖν
806 3523 896 3604 δοκῇ.
946 3497 959 3525 ⁰

188 3627 241 3692 ur.
267 3629 318 3705 2,2
345 3627 499 3704 ἀγοράσω
524 3626 730 3704 ἁπαξάπανθ’,
757 3625 813 3690 ὄπ’
838 3626 877 3690 ἂν
902 3626 1042 3709 κελεύῃς,
1068 3627 1124 3690 ubi
1156 3623 1277 3690 Suidae
1294 3621 1424 3687 eodiaes

145 3742 257 3800 eontra
282 3739 420 3797 metrum
444 3733 603 3814 praebent
627 3732 691 3798 ὅσα
715 3733 862 3809 κελεύεις.

496 3941 726 4004 Auristus
762 3937 1076 4002 coniunctivi.

190 4115 228 4180 [υ
252 4112 383 4194 spodon·
407 4112 527 4195 legitur
540 4112 692 4194 sutuuwu
716 4107 784 4172 ιὐἀ.
809 4113 829 4171 8
857 4107 949 4168 louis:
967 4105 1005 4167 A.
1031 4108 1121 4168 1001.
1139 4103 1179 4166 N.
1198 4104 1272 4170 942.
1290 4103 1329 4164 V.
1349 4103 1422 4166 537.

148 4225 221 4286 689.
246 4224 283 4287 Ρ.
310 4223 384 4284 138.
410 4220 471 4282 Δι.
497 4221 573 4282 458.
596 4215 637 4280 R.
666 4217 760 4280 1416.
785 4215 842 4277 Ee.
868 4215 943 4290 681;
967 4213 1066 4275 futuri
1082 4209 1425 4292 quendamnotiunem

146 4309 244 4396 habet
262 4347 417 4411 praeseus
440 4325 507 4389 ι’τιτί.
532 4325 706 4390 verborum
722 4323 842 4389 διδόναι
860 4329 892 4384 et
907 4323 1069 4398 γίγνεσθαι
1086 4319 1138 4400 (ef.
1156 4316 1258 4380 Stahl.
1277 4313 1423 4398 Quaestt.

146 4459 283 4524 gramm.
306 4458 340 4520 p.
368 4437 434 4518 14):
458 4437 567 4512 δίδωμι
591 4433 677 4495 enim
692 4429 854 4494 interdum
869 4427 961 4492 valet
979 4425 1157 4510 „pulliceor
1171 4445 1223 4488 me
1241 4423 1423 4501 daturum,

146 4547 290 4624 γίγνομαι
325 4549 434 4606 autem
477 4543 619 4620 „futurus
657 4543 760 4617 sum“;
797 4538 888 4600 euius
928 4555 1001 4598 usus
1042 4537 1059 4596 2
1100 4531 1249 4616 exempla
1289 4537 1424 4594 exstant:

1286 4675 1316 4726 ll
