3466 5406
809 416 987 475 ...12-

257 575 462 650 concessivis,
487 573 543 638 sed
567 573 657 636 haud
679 593 754 636 raro
783 574 883 636 etiam
906 573 940 635 in
964 569 1240 634 condicionalibus
1265 574 1297 632 et
1319 568 1475 642 relativis,
1512 567 1549 628 in

258 683 408 765 eligendo
434 688 579 764 ternpore
603 682 801 744 coniunctivi
823 681 968 762 profecto
998 679 1081 742 nihil
1112 676 1202 740 aliud
1234 676 1420 751 attenditur,
1446 693 1544 755 quam

258 791 382 872 species
407 790 550 852 actionis.
578 785 708 868 Quare
732 794 780 851 θεῖ
803 789 860 851 ubi
883 788 1046 869 praesenti
1083 785 1167 848 actio
1198 783 1397 864 praecedens
1423 781 1545 864 signiti-

259 901 359 960 cetur.
385 896 539 959 Similiter
563 897 595 958 in
619 896 803 970 enuntiatis,
828 894 1007 958 indicativo
1029 889 1176 975 prolatis,
1193 891 1221 952 si
1238 890 1424 972 temporalis
1446 907 1546 952 nexus

259 1009 402 1086 urgetur,
415 1005 495 1066 utin
508 1003 742 1084 temporalibus
756 1003 937 1078 enuntiatis,
954 1001 1144 1083 imperfecto
1158 999 1242 1060 actio
1261 1002 1545 1081 contemporanea,

260 1111 647 1193 consto—praecedens
671 1111 871 1192 exprimitur;
895 1112 944 1174 sin
967 1111 1082 1187 minus,
1107 1109 1197 1172 velut
1217 1112 1249 1173 in
1267 1105 1547 1172 condicionalibus

259 1225 293 1281 et
316 1219 473 1294 relativis,
498 1220 597 1282 etiam
620 1219 808 1300 imperfecto
834 1219 919 1281 actio
941 1219 1140 1300 praecedens
1163 1221 1252 1284 haud
1274 1239 1348 1282 raro
1373 1218 1546 1281 indicatur.

304 1325 374 1390 Nec
397 1345 476 1388 vero
500 1326 535 1388 in
558 1327 620 1388 hoc
643 1327 713 1407 ipso
738 1325 924 1401 iudicando,
949 1331 1056 1389 utrum
1082 1333 1356 1410 contemporanea
1387 1345 1428 1387 an
1451 1343 1548 1406 prae-

260 1433 379 1498 cedens
403 1434 489 1496 actio
513 1433 789 1514 repraesentanda
812 1434 863 1509 sit,
888 1433 956 1496 ulla
972 1440 1020 1496 est
1033 1433 1145 1498 multis
1161 1435 1240 1499 locis
1261 1433 1452 1496 constantia:
1470 1450 1548 1492 nam

196 1551 204 1570 ⁴
261 1543 324 1602 hoc
349 1557 479 1624 quoque
504 1559 602 1622 saepe
626 1544 764 1620 utroque
783 1541 880 1604 modo
899 1541 962 1604 dici
977 1547 1094 1623 potest;
1112 1561 1210 1623 quam
1228 1542 1270 1605 ad
1285 1561 1354 1604 rem
1370 1559 1436 1602 non
1451 1539 1548 1620 parvi

261 1647 416 1709 momenti
441 1651 488 1709 est
512 1652 544 1708 ct
568 1646 765 1709 consuetudo
791 1666 930 1728 ususque
955 1649 1192 1730 scriptoris*(ut
1214 1647 1450 1728 Aristophanes
1465 1663 1548 1708 scm-

260 1773 321 1836 per
345 1753 422 1816 dicit
444 1755 484 1830 ἢν
510 1754 619 1836 βούλῃ,
643 1753 804 1817 Isocrates
827 1755 917 1818 haud
938 1775 1013 1818 raro
1039 1756 1160 1818 aoristo
1198 1773 1327 1837 quoque
1355 1754 1480 1833 utitur),
1505 1756 1547 1828 el,

262 1861 351 1942 quod
375 1860 463 1943 apud
484 1865 618 1942 poetam
641 1862 773 1924 minime
796 1862 1033 1944 neglegendum
1057 1869 1114 1939 est,
1138 1868 1277 1926 metrum
1313 1865 1426 1941 (quam
1450 1878 1563 1921 unam*

263 1987 395 2031 causam
420 1987 488 2030 esse
511 1973 602 2049 puto,
628 1988 685 2030 cur
707 1967 764 2031 Ar.
790 1969 936 2045 ἡγεῖσθαι
952 1989 1080 2052 semper
1102 1971 1136 2031 in
1158 1971 1320 2051 praesenti
1337 1970 1419 2032 coni.
1436 1971 1548 2048 ponat,

262 2076 399 2154 νομίζειν
423 2095 551 2158 semper
574 2077 607 2138 in
631 2077 777 2157 aoristo).

307 2181 398 2244 Hace
423 2184 542 2258 omnia,
569 2200 653 2262 quae
678 2182 717 2246 de
743 2185 950 2246 coniunctivo
968 2184 1045 2260 dixi,
1063 2185 1096 2247 in
1113 2185 1260 2266 optativo
1279 2201 1409 2264 quoque
1425 2180 1547 2255 valent,

261 2289 333 2350 sive
358 2287 556 2351 coniunctivi
579 2289 686 2352 vicem
710 2289 793 2370 gerit
821 2288 908 2372 (post
930 2291 1119 2354 historicum
1147 2293 1286 2372 tempus)
1317 2291 1387 2352 sive
1421 2307 1481 2369 per
1515 2306 1549 2348 se

262 2404 328 2462 stat
352 2399 399 2480 (in
423 2399 618 2462 condicione
637 2398 834 2481 potentiali).
851 2375 959 2462 'Plura
983 2400 1023 2462 de
1047 2401 1194 2483 optativo
1223 2400 1307 2463 dabo
1331 2399 1426 2460 intra.

306 2507 422 2569 Finem
445 2508 565 2570 faciam
590 2507 785 2588 disputandi,
811 2528 884 2570 cum
909 2508 1050 2590 linguam
1067 2505 1229 2572 Graecam
1247 2526 1320 2569 curn
1333 2510 1443 2568 nostra
1460 2523 1548 2565 com-

262 2634 436 2696 paravero.
460 2614 499 2678 In
521 2615 584 2676 hac
607 2634 653 2690 re,
679 2633 744 2695 qua
769 2614 808 2678 de
832 2615 947 2696 agitur,
973 2620 1083 2677 nostra
1107 2615 1219 2695 lingua
1243 2611 1465 2677 cumGraeca
1487 2612 1548 2672 mi-

262 2743 335 2784 rum
360 2726 516 2801 quantum
542 2723 699 2803 congruit:
724 2741 801 2784 nam
823 2723 879 2786 ubi
904 2718 1024 2785 Graeci
1046 2723 1210 2804 praesenti
1230 2721 1313 2783 coni.
1332 2725 1474 2795 utuntur,
1491 2737 1549 2780 nos

264 2831 405 2892 futurum
428 2830 547 2910 speciei
573 2828 715 2892 diutinae
739 2835 796 2892 aut
810 2848 964 2910 praesens
979 2831 1137 2911 ponimus;
1154 2829 1211 2892 ubi
1228 2829 1278 2890 illi
1291 2828 1446 2890 acrisium
1458 2844 1550 2888 usur-

263 2940 353 3018 pant,
377 2954 436 2998 nos
461 2954 590 3016 quoque
614 2936 721 2996 futuro
745 2937 866 3017 speciei
889 2935 1115 2999 non-diutinae
1139 2937 1185 2998 uti
1209 2953 1388 3016 possumus,
1412 2937 1449 2994 ut
1471 2932 1549 2996 ὅταν

264 3042 347 3124 (ἐὰν,
374 3043 413 3118 ὃς
437 3042 491 3124 ἂν)
516 3043 590 3124 λέγῃ
605 3061 756 3114 :sorra
781 3043 881 3125 (eom,
905 3042 979 3125 nro)
1013 3043 1131 3123 cyrena
1159 3061 1332 3124 ronopurs,
1368 3059 1548 3122 rosopnrn,

266 3147 347 3212 dtur
371 3148 451 3229 (ἐὰν,
479 3150 518 3226 ὃς
543 3148 596 3232 ἂν)
621 3149 693 3230 εἴπῃ
708 3174 749 3204 =
762 3169 858 3222 noma
883 3149 983 3232 (cern,
1000 3152 1073 3229 ruo)
1089 3169 1244 3213 craneus.
1269 3150 1379 3212 Etiam
1395 3149 1430 3209 in
1446 3166 1483 3210 eo
1502 3152 1550 3210 θεῖ

263 3255 453 3332 similitudo,
479 3255 567 3336 quod
582 3276 650 3332 nos,
665 3261 700 3317 ut
717 3253 845 3332 Graeci,
864 3259 1024 3321 actionem
1039 3258 1094 3320 vel
1108 3263 1227 3321 statum
1242 3263 1550 3337 contemporaneum

263 3364 375 3444 specie
400 3363 527 3426 diutina
551 3364 771 3445 exprimimus,
796 3364 1046 3445 praecedentem
1071 3371 1179 3429 autem
1197 3365 1358 3428 actionem
1378 3366 1550 3437 statumve,

265 3468 365 3550 idque
388 3471 529 3532 maxime
553 3469 586 3530 in
611 3469 843 3550 temporalibus
876 3471 1057 3547 enuntiatis,
1089 3472 1198 3552 specie
1230 3469 1444 3543 non-diutina,
1478 3486 1549 3530 cum

264 3578 298 3638 in
323 3579 436 3638 ceteris
461 3583 599 3667 utraque
624 3577 733 3658 specie
758 3578 803 3638 uti
826 3578 995 3658 possimus:
1019 3578 1121 3642 veluti
1158 3597 1262 3658 aeque
1295 3578 1402 3641 dicere
1437 3595 1551 3658 possu-

265 3701 345 3745 mus:
375 3701 472 3761 ,ecrn
496 3702 561 3746 ona
595 3682 662 3762 (vel
688 3682 763 3765 nro)
799 3683 922 3765 dpderna
953 3705 1060 3748 mame
1095 3705 1268 3767 apanenno,
1303 3705 1342 3747 ro
1380 3702 1551 3763 nouynurs

266 3792 420 3873 Hapcrao
444 3789 636 3854 Heocca0e“
661 3796 759 3871 atque
784 3811 860 3854 eoru
884 3810 949 3856 oar>
975 3792 1042 3875 (vel
1065 3796 1138 3875 nro)
1155 3811 1359 3873 oportunetate
1375 3807 1551 3871 npaaeuno,

265 3903 327 3962 etc.
367 3897 451 3960 Sane
475 3898 508 3960 in
533 3896 667 3978 singulis
703 3897 799 3960 rebus
826 3902 874 3959 θεῖ
898 3899 954 3962 ubi
979 3919 998 3960 a
1022 3895 1157 3963 Graccis
1185 3898 1413 3978 discrepemus,
1448 3894 1552 3957 veluti

265 4026 324 4068 nos
347 4023 512 4085 nunquam
537 4003 672 4066 dicimus
699 4023 797 4084 „ecuu
820 4025 870 4068 εει
893 4006 1021 4088 dynami,
1049 4009 1207 4083 xorla¹rs“,
1240 4012 1275 4069 ut
1304 4004 1551 4084 Aristophanes,

265 4112 333 4189 scd,
357 4116 393 4173 nt
415 4111 585 4188 Isocrates,
613 4130 709 4191 „econ
732 4133 781 4174 εει
806 4116 1014 4190 saxonams“;
1050 4114 1241 4194 plerumque
1278 4119 1387 4174 tamen
1420 4128 1552 4190 prorsus

266 4221 488 4283 convenimus.
