3468 5390
726 458 907 518 ...57-

174 639 202 681 a.
227 613 302 680 Chr.
328 617 452 680 saeculi
475 616 737 696 frequentissime
761 637 788 680 ει
811 635 871 698 ριο
896 621 960 695 ηι“.
986 617 1102 698 ltaque
1130 619 1363 701 monosyllabis
1379 637 1455 682 con-

172 725 308 788 iunctivi
331 725 451 801 formis,
475 725 606 807 parcius
630 723 772 804 quidem,
798 741 896 804 quam
922 724 1118 805 bissyllabis,
1142 745 1207 788 non
1231 733 1339 788 tamen
1375 745 1456 788 nun-

173 851 269 914 quam
294 850 369 893 usos
393 849 463 895 esee
486 831 624 909 Atticos
649 830 892 894 concedendum
917 832 997 894 mihi
1022 831 1160 895 videtur.
1197 831 1262 895 Sed
1293 830 1455 912 quomodo

173 959 226 1002 eas
249 940 439 1019 scripserint
462 943 518 1001 aut
542 937 779 1001 dixerint—ei
802 957 844 1000 an
867 945 886 1020 ῇ
914 958 956 1000 an
980 939 1016 1020 έῃ
1042 958 1113 1002 cum
1138 939 1287 1020 spumosi,
1304 940 1367 1001 hoc
1381 957 1456 1022 pro-

173 1047 254 1109 lecto
279 1046 364 1109 scire
386 1064 452 1109 non
474 1065 654 1128 possumus.
728 1043 879 1109 Ceterum
903 1046 973 1108 eius
996 1046 1072 1124 loci,
1097 1065 1115 1108 a
1141 1064 1205 1127 quo
1239 1046 1387 1127 prolecta
1410 1053 1458 1110 est

172 1155 253 1216 haec
278 1152 466 1234 disputatio,
489 1151 742 1214 Ruthcrlordius
767 1151 851 1234 (The
875 1171 948 1214 new
974 1153 1096 1233 Phrpn.
1119 1172 1152 1235 p.
1168 1153 1245 1235 299)
1268 1153 1365 1216 aliam
1381 1173 1456 1240 pro·

172 1262 263 1344 ponit
287 1261 533 1324 correctionem.
557 1259 599 1336 Is,
624 1279 696 1322 cum
721 1261 753 1322 in
777 1260 841 1322 hoc
865 1279 961 1323 versu
986 1259 1116 1322 codices
1139 1260 1286 1323 nonnulli
1313 1279 1372 1342 pro
1398 1261 1456 1326 κᾶν

172 1369 315 1432 habeant
338 1367 392 1444 κεί,
417 1368 450 1430 in
476 1367 703 1430 coniunctione
734 1367 790 1446 ait,
815 1386 881 1430 non
904 1367 939 1429 in
962 1368 1063 1431 verbo
1088 1367 1206 1429 vitium
1244 1367 1346 1431 latere
1378 1369 1456 1432 scri·

170 1474 377 1554 bendumque
400 1478 511 1536 censet
532 1472 567 1534 in
589 1472 653 1534 hoc
676 1489 772 1534 versu
808 1472 855 1536 κεί
890 1475 949 1548 δεῖ,
984 1473 1128 1553 itemque
1162 1472 1196 1534 in
1228 1473 1377 1554 proximo
1410 1473 1456 1537 κεί

170 1578 509 1660 dodica-analogiae
533 1597 643 1654 causa,
668 1575 776 1654 credo,
801 1595 1001 1657 quamquam
1024 1578 1079 1640 hic
1105 1596 1216 1640 omnes
1239 1577 1316 1642 libri
1340 1579 1373 1641 in
1397 1579 1456 1642 κᾶν

169 1688 375 1752 consentiunt
398 1703 573 1766 omnesque
596 1689 728 1767 praeter
750 1683 797 1746 R²
823 1683 903 1748 dant
928 1684 1040 1767 βούλῃ.
1069 1681 1256 1765 Quodfalso
1282 1703 1355 1747 eum
1379 1705 1456 1748 con·

169 1797 283 1860 iecisse
318 1795 388 1875 ipse
419 1792 478 1855 Ar.
504 1791 713 1855 disertissime
738 1792 856 1874 arguit,
881 1790 971 1873 apud
995 1811 1092 1872 quem
1116 1793 1233 1855 trustra
1255 1811 1394 1873 quaeras
1409 1792 1457 1856 lo·

169 1904 316 1968 cutiones
341 1901 385 1964 κεί
409 1903 457 1964 δεῖ
479 1899 533 1961 vel
559 1899 604 1962 κεί
623 1901 695 1978 χρή,
713 1918 786 1961 cum
803 1899 862 1963 κᾶν
879 1899 936 1981 δέῃ
955 1903 988 1962 et
1002 1899 1062 1964 κᾶν
1077 1906 1135 1982 χρῇ
1154 1899 1327 1981 aliquoties
1344 1919 1457 1962 occur·

168 2017 242 2076 rant
266 2009 320 2093 (V.
347 2011 421 2072 654.
445 2006 481 2070 L.
510 2010 583 2070 193.
611 2007 684 2070 133.
708 2005 750 2070 R.
778 2007 868 2089 965).
886 2005 977 2070 Idem
995 2008 1062 2070 lere
1075 2009 1107 2070 in
1120 2027 1152 2070 v.
1169 2009 1342 2086 βούλεσθαι
1359 2005 1455 2070 cadit.

168 2119 264 2195 Nam,
289 2118 318 2179 si
340 2117 374 2178 in
398 2113 535 2197 apodosi
558 2113 699 2175 futurum
725 2116 782 2190 est,
818 2131 947 2194 semper
977 2112 1098 2176 dicitur
1113 2114 1171 2178 ἐάν
1188 2112 1346 2195 (itemque
1360 2111 1455 2196 ὅταν)

170 2246 242 2290 cum
268 2223 353 2285 coni.
380 2220 483 2302 (locos
508 2218 584 2282 vide
607 2238 639 2301 p.
663 2221 726 2298 10),
751 2238 816 2281 non
841 2219 867 2282 εἰ
891 2239 965 2282 cum
989 2218 1067 2297 ind.,
1092 2218 1178 2301 quod
1193 2217 1281 2301 apud
1293 2216 1349 2280 Ar.
1367 2218 1401 2279 in
1416 2219 1457 2280 iis

175 2336 297 2394 tantum
321 2329 487 2392 invenitur
510 2325 768 2403 condicionibus,
794 2343 934 2408 quarum
958 2325 1112 2407 epodosis
1136 2334 1192 2388 aut
1213 2327 1378 2408 praesenti
1391 2326 1456 2390 ind.

179 2439 347 2522 (111274.
384 2437 441 2500 Ec.
468 2435 558 2518 893),
596 2440 652 2497 aut
686 2434 885 2517 imperativo
918 2433 972 2515 (Δ.
998 2437 1073 2498 870.
1111 2435 1149 2497 Ε.
1188 2437 1284 2498 1311.
1314 2433 1355 2497 N.
1381 2437 1456 2498 454.

180 2547 213 2608 P.
236 2551 285 2610 10.
313 2548 387 2610 604.
411 2543 475 2607 Av.
501 2547 575 2608 753.
602 2543 676 2605 766.
700 2540 741 2604 R.
769 2541 869 2624 1159)
894 2541 1063 2605 enuntiata
1086 2545 1144 2604 est.

522 2721 751 2785 Aoristus
791 2721 1111 2783 coniunctivi.

214 2889 252 2950 In
277 2885 410 2967 epodosi
445 2889 494 2948 ter
522 2887 676 2967 fullerum
702 2883 767 2946 ind.
787 2884 935 2966 legimus:
959 2883 995 2946 L.
1012 2885 1086 2946 698.
1100 2883 1140 2946 R.
1156 2885 1230 2945 685.
1245 2883 1303 2946 Ec.
1319 2884 1392 2951 796:
1405 2881 1456 2947 bis

169 2995 403 3062 conimbricam
427 2995 459 3056 in
484 2995 651 3055 enuntiato
673 2993 891 3056 condicionali
914 2992 953 3054 Ε.
978 2994 1039 3053 701
1066 2997 1099 3053 et
1121 2991 1212 3052 finali
1236 2990 1298 3052 Av.
1325 2992 1421 3055 1550.

213 3105 253 3167 Ε.
281 3107 340 3164 701
369 3102 542 3184 (οὐδέποτε
578 3099 761 3184 βιώσομαι)
800 3100 825 3164 εἰ
862 3099 947 3182 (lege
983 3101 1033 3176 ἢν,
1068 3119 1100 3180 p.
1127 3100 1181 3182 16)
1219 3099 1259 3177 μή
1285 3097 1318 3162 σ’
1343 3099 1452 3174 ἐκπίω,

168 3213 230 3277 κᾶν
266 3211 456 3291 ἐκροφήσας
491 3209 592 3286 αὐτὸς
627 3209 851 3286 ἐπιδιαρραγῶ,
888 3208 944 3270 ubi
980 3212 1067 3269 recte
1092 3207 1236 3268 Botheus
1259 3206 1455 3288 particulam

169 3321 254 3384 eruit
278 3338 318 3382 ex
343 3318 610 3396 κάπεκροφήσας,
635 3317 723 3397 quod
747 3316 900 3378 mendose
926 3316 1072 3378 inlibris
1101 3315 1255 3398 scriptum
1280 3319 1336 3377 est.

213 3429 279 3491 Av.
307 3429 391 3489 1550
414 3428 468 3490 ἵνα
491 3447 528 3502 με
552 3425 610 3488 κᾶν
634 3423 653 3486 δ
676 3423 758 3502 Ζεὺς
782 3425 1085 3506 ἴδῃ,-ἀκολουθεῑν
1109 3427 1196 3487 δοκῶ
1221 3423 1410 3508 κανηφόρῳ.

213 3535 250 3598 L.
278 3535 342 3596 698
379 3531 447 3616 (tr.)
481 3533 539 3596 οὐκ
575 3531 664 3595 ἔσται
689 3531 820 3611 δύναμις
853 3531 924 3595 οὐδ’
949 3532 989 3607 ἢν
1013 3531 1140 3608 ἑπτάκις
1164 3531 1206 3595 σὺ
1231 3531 1373 3614 ψηφίσῃ,
1398 3531 1455 3611 qui

171 3645 312 3707 norisius
337 3641 560 3724 complexivns
585 3644 641 3702 est.

215 3752 257 3813 R.
284 3752 347 3811 685
373 3749 463 3832 (lyr.)
488 3749 533 3826 ὡς
558 3750 731 3827 ἀπολεῖται,
760 3749 819 3813 κᾶν
842 3747 911 3811 ἴσαι
936 3748 1099 3823 γένωνται.

214 3859 274 3920 Ec.
301 3859 363 3919 796
389 3857 590 3933 καιαθήσεις,
619 3857 678 3920 κᾶν
702 3856 776 3934 ἕνης
801 3857 906 3938 ἔλθῃς.

466 4027 500 4096 2.
523 4025 717 4096 Sententiae
740 4025 955 4095 concessivae
980 4025 1155 4115 generales

172 4176 206 4238 in
227 4173 355 4253 protasi
375 4189 531 4252 praeseus
555 4169 633 4232 coni.
660 4175 708 4231 ter
730 4170 862 4245 habent,
888 4169 1043 4232 (loriacum
1066 4170 1176 4233 semel.

410 4340 414 4348 '
508 4332 742 4395 Praesens
786 4331 1100 4396 coniunctivi.

216 4476 256 4540 In
279 4475 412 4557 epodosi
436 4445 486 4539 bis
510 4479 558 4538 est
575 4493 740 4555 praeseus:
760 4475 800 4537 V.
829 4476 924 4538 1297.
948 4474 990 4538 R.
1017 4477 1092 4554 381,
1117 4474 1215 4539 semel
1238 4474 1275 4538 L.
1301 4477 1364 4538 595
1378 4497 1453 4558 per-

164 4587 293 4668 fectum
315 4582 514 4666 gnomicum.
