3446 5396
672 413 873 478 *129*

138 593 173 640 re
197 573 413 654 considerata,
437 578 629 642 senteutiam
655 580 792 642 mntevi:
826 579 970 662 postulat
1001 579 1086 644 enim
1121 580 1318 644 consuetudo
1344 573 1417 642 Ari-

138 686 306 767 stophanis
329 684 587 766 amicorumque,
612 692 648 748 ut
671 686 728 750 ille
751 707 817 750 vox
840 688 874 750 in
896 688 1026 770 plurali,
1060 705 1125 752 uon
1161 687 1250 752 duali
1283 705 1416 750 numero

138 797 289 872 ponatur:
315 791 390 856 vide
414 793 452 855 E.
478 795 553 856 321.
579 794 654 855 870.
680 795 755 856 872.
782 795 857 858 875.
881 793 921 857 N.
947 797 1022 860 858.
1047 793 1087 856 V.
1116 796 1189 858 103.
1215 797 1288 857 275.
1314 793 1417 875 (447).

142 900 238 961 1157.
263 899 322 962 Ec.
346 902 399 964 47.
425 903 499 964 314.
526 903 601 978 342;
625 900 776 966 similiter
799 902 942 980 ἐμβύδιαι
966 901 1015 964 Pl.
1041 903 1115 964 848.
1142 903 1217 965 941.
1254 901 1336 962 Hinc
1361 919 1419 982 ap-

139 1013 243 1086 paret,
268 1009 448 1072 inconsulte
473 1011 505 1071 in
528 1009 566 1072 Ε.
592 1011 656 1070 872
681 1008 888 1072 Dindorlium
912 1009 1089 1072 coniecisse
1121 1012 1233 1086 ξεῦγος
1260 1009 1418 1088 ἐμβάδοιν,

141 1115 228 1196 quod
253 1122 469 1179 commentum
493 1116 654 1200 Bergkius
677 1116 868 1180 Meinekeus
890 1116 1047 1180 Velsenus
1071 1117 1217 1180 Kockius
1236 1117 1268 1178 in
1286 1111 1419 1178 ¹conten·

142 1236 207 1284 tum
232 1225 382 1287 certatim
405 1228 607 1306 receperunt,
640 1224 789 1288 omnibus
815 1224 982 1288 codicibus
1007 1226 1154 1304 ἐμβάδων
1176 1225 1418 1306 praebentibus:

142 1337 172 1392 at
197 1331 299 1392 etism
323 1334 445 1409 ῑεῡγος,
470 1331 607 1413 deperi
631 1331 763 1409 dietum,
788 1337 981 1408 constanter,
1007 1331 1093 1414 quod
1117 1333 1229 1410 sciam,
1254 1351 1325 1396 curu
1348 1331 1420 1412 plu·

142 1435 201 1499 rali
225 1439 366 1501 nominis
391 1439 604 1522 coniungitur,
628 1457 692 1502 non
717 1457 790 1501 cum
815 1437 915 1517 duali,
939 1445 975 1501 ut
998 1438 1078 1502 salso
1110 1438 1205 1501 docet
1231 1437 1420 1500 Meinekeus

142 1545 171 1606 in
194 1543 295 1608 Vind.
320 1564 351 1626 p.
379 1547 430 1622 02,
454 1546 545 1608 velut
568 1548 680 1624 Ζεῦγος
697 1542 868 1623 Ἀτρειδῶν
880 1546 1043 1628 Ααοοῖιγλ,
1069 1545 1248 1609 cuiusmodi
1272 1543 1420 1624 exempla

143 1653 218 1714 satis
243 1652 346 1714 multa
371 1651 472 1716 allata
495 1657 568 1715 sunt
591 1653 625 1714 in
648 1651 806 1733 Stephani
829 1649 996 1715 Thesauro
1021 1653 1085 1714 vol.
1111 1658 1131 1714 4
1154 1672 1185 1734 p.
1216 1653 1263 1712 19.
1300 1650 1349 1712 Ac
1381 1668 1420 1710 ne

144 1761 212 1841 quis
237 1761 272 1821 in
295 1759 368 1822 loco
391 1765 500 1824 nostro
526 1759 633 1840 ἐμβάδ’
657 1761 740 1840 ἔχων
762 1779 823 1841 pro
849 1762 969 1839 ἐμβάδα
994 1761 1076 1841 ἔχων
1098 1759 1219 1824 dictum
1236 1778 1303 1822 esse
1319 1760 1420 1839 putet,

144 1887 268 1946 moneo,
294 1869 379 1931 hanc
402 1888 518 1932 vocem
541 1869 575 1931 in
598 1868 755 1952 singulari
777 1887 924 1940 numero,
949 1887 1022 1931 cnm
1040 1867 1080 1930 de
1097 1867 1222 1932 dnobus
1242 1871 1296 1928 aut
1312 1864 1422 1927 multis

110 2057 114 2066 ι
146 1976 260 2040 calceis
286 1981 411 2058 agatur,
434 1996 500 2040 nou
521 1977 601 2058 poni
616 1977 679 2040 nisi
696 1975 839 2039 comicus
854 1975 992 2039 sublime
1009 1993 1109 2057 genus
1126 1972 1254 2038 dicendi
1268 1975 1421 2035 imitetur:

145 2082 181 2145 N.
207 2085 282 2147 719.
299 2083 357 2146 Εο.
384 2085 458 2145 507.
485 2084 559 2145 850.
573 2083 623 2146 Pl.
644 2083 717 2146 759.
736 2079 828 2163 Quae
844 2101 916 2144 cnm
933 2083 980 2144 ita
995 2082 1067 2158 sint,
1086 2081 1185 2145 lectio
1203 2077 1312 2161 ἐμβάδ’
1329 2080 1422 2158 ἔχων,

148 2189 241 2254 solius
264 2189 469 2254 Ravennatis
494 2192 689 2254 auctoritate
711 2192 800 2266 nixa,
823 2189 922 2253 valde
947 2190 1181 2252 correctionem
1204 2187 1340 2251 redolet.

190 2297 250 2358 034
277 2295 358 2378 (an.)
384 2296 531 2373 ἐπιτήρει,
556 2297 635 2360 ὅταν
651 2299 838 2374 -παραδῶ
863 2311 916 2359 σοι
940 2295 1157 2371 δευτεριάζειν.
1195 2295 1258 2354 990
1287 2293 1364 2356 ὅταν
1387 2311 1421 2366 γε

156 2403 286 2486 κρούσῃς
302 2404 368 2480 τὴν
392 2403 469 2480 ἐμὴν
492 2406 622 2480 πρῶτον
645 2403 747 2481 θύραν
771 2402 828 2487 (sc.
852 2403 978 2480 τηνδεδί
1001 2399 1175 2484 κρούσεις).
1207 2400 1291 2463 1092
1318 2400 1422 2475 καλῶς

156 2507 201 2592 (ιο.
224 2512 376 2574 δικωπεῖν
398 2509 555 2593 δυνήσει),
581 2510 709 2575 ἐπειδὰν
732 2510 921 2591 καταφάγῃς
947 2510 1073 2586 βολβῶν
1088 2507 1217 2587 χύτραν.
1238 2506 1323 2568 1100
1343 2505 1422 2568 ἐπει-

151 2616 202 2682 δὰν
224 2611 317 2694 τῆσδ’
344 2615 528 2699 ἀπαλλαγῶ,
552 2616 682 2694 Φρύνην
706 2615 764 2699 (so.
789 2618 838 2679 δεῖ
861 2635 897 2694 με
923 2613 1045 2697 βινεῖν).

185 2723 236 2787 Pl.
263 2723 327 2786 529
353 2720 433 2804 (an.)
459 2721 534 2786 οὔτε
559 2723 706 2801 μύροισιν
727 2723 855 2801 μυρίσαι
880 2724 1031 2798 στακτοῖς
1057 2720 1113 2802 (sc.
1139 2719 1271 2801 ἕξετον),
1303 2718 1424 2783 ὁπόταν
1456 2721 1460 2728 ’

146 2831 273 2910 νύμφην
295 2832 484 2908 ἀγάγησθον
508 2830 662 2914 (repetitu
686 2831 798 2914 actio).

186 2936 240 3001 Fr.
267 2941 330 3002 535
356 2936 436 3020 (au.)
462 2936 551 3002 ταῦθ’
576 2939 654 3004 ὅταν
678 2939 765 3022 ἔλθῃ,
789 2939 817 3002 τί
841 2941 944 3002 ποιεῖν
967 2939 1025 3016 χρή
1052 2954 1099 3016 με;
1125 2939 1188 3001 093
1214 2937 1316 3019 (hex.)
1347 2937 1424 3000 ὅταν

145 3051 247 3138 θύσῃς
270 3075 307 3130 τι,
329 3055 416 3119 κάλει
439 3075 486 3132 με,
510 3055 568 3118 ubi
591 3055 678 3120 κάλει
701 3073 761 3136 μισ
786 3058 875 3119 καλεῖ
896 3058 986 3118 recte
1008 3059 1087 3135 puto
1111 3053 1289 3135 Heringam
1314 3058 1346 3116 et
1363 3051 1425 3116 Co-

145 3159 254 3224 betnm
278 3162 464 3238 coniecisse,
489 3161 552 3224 nisi
576 3163 648 3242 quis
671 3162 766 3224 malit
789 3181 862 3224 cum
886 3161 1057 3224 Dindorsro
1094 3166 1211 3238 καλείν;
1246 3159 1423 3242 Bergkium

146 3273 253 3330 autem
277 3273 397 3331 temere
423 3269 526 3351 θύσῃς
549 3287 608 3350 μισ
634 3267 713 3350 θύῃς
736 3269 891 3352 posuisse.

329 3466 564 3529 Praesens
599 3471 643 3528 et
678 3466 896 3527 eoristus
933 3465 1251 3527 coniunctivi.

190 3631 227 3696 In
251 3633 383 3713 apodesi
408 3640 456 3697 est
471 3636 636 3716 ,stum-um.

191 3741 229 3804 P.
258 3744 337 3805 1351
366 3742 454 3825 (lyr.)
480 3742 597 3821 φήσεις
621 3745 659 3818 γ’,
685 3741 765 3806 ὅταν
789 3742 899 3824 ἐσθίῃς
923 3740 1014 3804 οῖνόν
1037 3761 1071 3803 τε
1094 3740 1167 3822 πίῃς
1190 3740 1304 3803 πολύν.

191 3847 253 3910 Av.
281 3850 365 3912 1622
390 3851 470 3913 ὅταν
492 3853 667 3929 διαριθμῶν
684 3849 868 3926 ἀργυρίδιον
881 3848 1024 3930 τύχῃ-ἢ
1043 3851 1176 3924 καθῆται
1202 3843 1248 3926 (11.
1270 3845 1426 3927 κάθηται),

154 3955 308 4032 --ἰκτῖνος
332 3956 482 4033 ἁρπάσας
505 3957 681 4034 προβάτοιν
705 3958 798 4018 δυοῖν
821 3956 912 4032 τιμὴν
936 3954 1058 4017 ἀνοίσει
1081 3958 1125 4036 τῶ
1150 3957 1225 4032 θεῷ.

468 4152 742 4214 Perfectum
781 4151 1100 4214 coniunctivi.

195 4317 231 4380 ln
254 4314 386 4396 υροιίοσί
411 4323 455 4376 cst
481 4314 701 4392 irreperent-us.

192 4425 247 4491 Ee.
275 4423 337 4488 273
362 4419 440 4500 ἡνίκ’
466 4423 504 4486 ἂν
529 4422 563 4485 δέ
589 4444 624 4500 γε
647 4421 784 4501 τούτους
821 4422 962 4504 (πτοὺς
997 4421 1171 4500 πώγωνας)
1206 4421 1343 4496 ἀκριβῶς
1374 4415 1427 4494 ἠτε

151 4531 424 4610 περιηρμοσμέναι,
451 4533 500 4593 καὶ
525 4530 669 4610 θαίμάτια
683 4566 723 4575 -
739 4529 991 4608 ἐπαναβάλεσθε,
1019 4528 1074 4590 ubi
1099 4527 1236 4606 ἀκριβῶς
1254 4525 1306 4604 ἠτε
1321 4526 1429 4588 conie-

1305 4649 1322 4700 9
