3446 5396
686 446 883 507 -131-

144 607 185 671 R.
212 609 317 670 1101.Ι
332 606 516 687 Sequuntur
552 607 570 667 5
605 605 679 682 loci,
714 605 771 669 ubi
805 606 864 668 atri
887 605 920 668 in
944 604 1080 687 epodosi
1104 609 1153 668 est
1172 623 1326 686 praesens
1348 603 1426 683 ind,

145 721 253 778 tamen
272 715 420 796 proxime
442 713 602 776 sententia
625 711 813 794 temporalis
836 717 895 774 aut
915 711 1083 795 infinitivo,
1115 714 1156 776 ab
1192 731 1229 776 ec
1261 712 1426 794 pendenti,

143 823 291 886 subiecta
318 823 453 884 ωδε-2
489 819 580 883 locis:
604 815 646 882 N.
671 820 745 884 988.
769 819 833 882 Av.
861 821 935 897 710,
960 825 1017 883 eut
1036 820 1299 900 participio-3
1336 820 1424 884 locis:

140 928 180 994 N.
207 931 284 994 622.
309 929 349 993 R.
377 927 525 992 747.Ρ1.
552 927 626 1006 783,
663 945 727 1008 quo
756 925 831 990 addi
853 933 961 1008 potest
986 933 1000 991 1
1027 927 1129 990 locus:
1161 925 1202 989 N.
1244 929 1337 1000 1008,
1372 927 1427 990 ubi

142 1035 351 1118 participium
376 1033 497 1116 pendet
532 1051 580 1098 ex·
606 1033 713 1096 futuro
749 1033 890 1114 ideoque
925 1036 1029 1116 ipsum
1065 1034 1105 1098 ad
1138 1034 1280 1098 futurum
1305 1043 1428 1115 tempus

138 1142 290 1222 pertinet,
314 1140 508 1203 secundaria
532 1145 640 1202 autem
665 1141 846 1202 enuntiatio
864 1141 1024 1204 actionem
1041 1140 1083 1206 ad
1100 1160 1195 1206 omne
1214 1148 1340 1224 tempus
1355 1159 1428 1224 per·-

141 1255 297 1316 tinentem
322 1250 479 1334 designat.
504 1250 619 1329 Porro,
645 1250 824 1334 perfectam
859 1251 927 1317 iud.
964 1253 1105 1316 cccunit
1130 1256 1147 1314 2
1171 1252 1262 1315 locis:
1287 1251 1325 1314 E.
1352 1253 1427 1315 888.

143 1359 202 1423 dv.
231 1361 317 1426 1440
342 1357 397 1441 (de
421 1377 484 1440 quc
510 1356 586 1420 vide
610 1376 709 1440 snpra
729 1379 763 1444 p.
790 1359 879 1442 121),
907 1379 971 1442 quc
995 1359 1181 1424 referendus
1212 1365 1259 1424 est
1286 1363 1296 1420 l
1326 1359 1427 1422 locus:

144 1467 180 1532 Ε.
206 1467 283 1543 824,
309 1468 365 1531 nbi
388 1469 423 1529 in
447 1465 584 1548 apcdcsi
607 1471 656 1528 est
674 1467 886 1548 participium
911 1469 990 1550 peri.
1027 1469 1178 1532 Acrisius
1213 1467 1427 1548 οιιιρῖινόαε2

143 1574 224 1638 locis
248 1573 375 1657 legitur:
400 1573 440 1638 A.
466 1573 540 1635 670.
564 1573 604 1636 Ε.
632 1574 727 1638 1129.
756 1574 839 1638 Item
866 1581 877 1638 l
907 1575 982 1638 loco
1017 1577 1178 1640 invenitur
1213 1573 1429 1638 coniurations

145 1681 177 1744 iu
200 1683 363 1746 sententia
385 1681 488 1744 finali:
513 1680 576 1744 dv.
601 1682 677 1758 518,
702 1683 736 1744 in
761 1701 824 1762 quo
849 1682 964 1746 eadem
982 1682 1120 1748 dicenda
1135 1691 1218 1763 sunt,
1236 1681 1427 1764 quaemodc

145 1787 212 1852 dixi
234 1789 271 1851 in
293 1786 336 1850 N.
364 1789 457 1854 1008.
489 1787 587 1850 Abest
611 1786 762 1870 apodosis
787 1790 805 1852 2
831 1789 921 1854 locis:
957 1790 999 1854 R.
1038 1797 1089 1868 ll,
1125 1792 1181 1856 ubi
1214 1791 1428 1872 imperativus

145 1893 380 1978 intellegendus
404 1899 461 1974 est,
485 1900 517 1958 et
539 1893 593 1959 Fr.
618 1895 671 1972 84,
696 1894 793 1977 quod,
830 1915 904 1959 cum
928 1898 1081 1980 apodosis
1116 1917 1181 1962 non
1214 1902 1344 1961 servata
1378 1897 1428 1974 sit,

147 2003 258 2066 luttrris
283 2020 412 2084 quoqne
436 2002 602 2065 sententiis
626 2004 836 2067 annumerari
857 2008 973 2088 potest.

306 2160 377 2223 Iarn
400 2164 578 2243 sequuntur
599 2161 674 2228 loci

193 2285 229 2348 ln
255 2287 297 2350 29
323 2287 451 2353 ἐπειδὰν
474 2286 501 2352 ὦ
525 2287 633 2366 μόνος,
659 2289 775 2354 στένω.
814 2291 878 2350 670
903 2289 991 2372 (lyr.)
1017 2289 1091 2354 οἷον
1107 2325 1150 2338 -
1165 2291 1316 2369 φέψαλος
1354 2289 1427 2366 ἀνή-

158 2394 236 2468 λατο,
249 2388 386 2467 -ἡνίκ’
411 2392 451 2460 ἂν
474 2393 702 2471 ἐπανθρακίδες
725 2394 788 2460 ὦσι
810 2397 1046 2474 παρακείμεναι,
1069 2397 1101 2462 αἱ
1121 2399 1157 2460 δὲ
1181 2397 1297 2462 θασίαν
1312 2397 1427 2461 ἀνακυ-

159 2501 230 2562 ιιιῖισι
255 2496 304 2580 (ll.
329 2497 557 2585 ἀνακυκλῶσι),
577 2535 611 2558 η
625 2499 654 2563 οἱ
677 2502 714 2564 δὲ
737 2503 907 2580 μάττωσιν.

189 2622 230 2686 Ε.
244 2623 286 2688 92
302 2621 384 2688 ὅταν
399 2625 535 2689 πίνωσιν
552 2624 717 2703 ἅνθρωποι
734 2625 782 2711 (ll.
798 2625 917 2710 ἄνθρ.),
932 2626 1005 2692 τότε
1022 2629 1207 2692 πλουτοῦσι.
1224 2630 1286 2690 754
1304 2627 1425 2692 ὅταν-

149 2728 195 2794 ἐπὶ
218 2731 352 2808 ταυτησὶ
377 2735 508 2808 καθῆται
531 2735 588 2809 τῆς
610 2733 739 2810 πέτρας,
767 2734 907 2813 κέχηνεν.

190 2858 256 2918 824
281 2855 361 2938 (an.)
387 2859 596 2937 μιαρώτατος,
621 2857 647 2922 ὦ
671 2859 881 2938 Δημακίδιον,
904 2863 955 2924 καὶ
978 2866 1114 2927 πλεῖστα
1128 2865 1296 2939 πανοῦργα
1314 2866 1428 2938 δεδρα·

147 2965 220 3041 κώς,
245 2961 370 3028 ὁπόταν
393 2969 511 3047 χασμᾷ,
536 2967 687 3044 καὶτοὺς
711 2969 850 3045 καυλοὺς
873 2971 938 3034 τιῖιν
961 2967 1106 3035 εὐθυνῶν
1127 2968 1319 3034 ἐκκαυλίζων
1334 2987 1428 3031 κατα-

147 3071 306 3154 βροχθίζη,
333 3071 475 3150 κάμφοῖν
497 3074 617 3152 χειροῖν
641 3077 825 3151 μυσπλᾶται
847 3079 913 3139 τῶν
936 3077 1114 3154 δημοσίων.
1138 3075 1188 3138 Ita
1208 3075 1335 3156 scripsit
1350 3070 1427 3136 Vel·
1538 3127 1541 3134 .

145 3197 250 3256 senus,
274 3179 385 3259 itaque
408 3180 442 3242 in
466 3179 557 3243 libris
579 3180 710 3262 legitur,
734 3182 797 3244 nisi
822 3182 910 3263 quod
932 3201 992 3264 pro
1016 3183 1244 3265 καταβροχθίζιχ
1269 3183 1302 3244 in
1327 3182 1428 3242 omni·

145 3285 204 3347 bus
227 3283 398 3348 exhibetur
421 3288 656 3365 καταβροχθίζει
681 3286 833 3370 (excepto
868 3287 911 3359 Μ,
947 3289 980 3350 in
1004 3305 1068 3368 quc
1092 3305 1189 3369 super
1220 3307 1238 3364 ι]
1273 3287 1426 3368 scriptum

147 3397 194 3456 est
217 3393 257 3474 ει)
282 3397 315 3455 et
336 3410 396 3474 pro
420 3396 713 3472 χειροῖν-αοιιίια
735 3400 874 3457 metrum
894 3399 1013 3474 χεροῖν.
1038 3395 1199 3475 Equidem
1219 3394 1347 3456 Valseni
1365 3393 1428 3456 lec·

147 3501 266 3563 tionem
290 3519 354 3563 non
378 3500 526 3582 expedio:
551 3501 632 3581 quid
655 3502 741 3566 enirn
765 3503 827 3566 sibi
851 3503 921 3564 vult
945 3503 1167 3566 coniunctivns
1199 3503 1426 3583 καταβροχθίζῃ

148 3607 256 3690 (quem
280 3607 443 3672 Pcrsonns
467 3627 596 3690 quoque
618 3609 683 3693 legi
707 3609 871 3694 iubebat)?
893 3610 979 3673 Nam
1002 3613 1057 3673 vix
1082 3611 1175 3674 aliter
1202 3611 1347 3692 intellegi
1370 3631 1428 3692 po·

147 3721 216 3792 test,
241 3715 304 3777 nisi
327 3721 363 3778 ut
386 3733 459 3778 curn
482 3723 589 3798 χασμᾷ
614 3721 646 3780 et
669 3722 852 3795 μυστιλᾶται
877 3737 917 3780 ex
940 3719 1062 3782 ὁπόταν
1096 3735 1197 3781 nexus
1231 3725 1363 3799 putetur·
1398 3719 1427 3778 in

147 3823 230 3886 hanc
253 3823 452 3886 sententiam:
480 3824 709 3904 „nequissimus
732 3828 788 3902 ast,
814 3824 943 3904 quando
966 3826 1079 3888 oscitat
1105 3831 1133 3888 ot
1159 3825 1266 3886 caules
1283 3831 1428 3906 repetun-

149 3928 261 3993 darum
285 3928 420 4012 deglutit
445 3936 476 3994 et
498 3932 586 3995 bona
608 3931 806 4014 reipublicae
844 3934 984 3994 huur'it“.
1024 3933 1088 3996 Sed
1123 3935 1203 3994 haee
1237 3933 1426 4015 pravissimo

148 4038 303 4102 sustantia
326 4037 547 4102 consuetudini
572 4057 701 4120 quoque
724 4038 907 4102 Atticorum
932 4047 1113 4134 reprugnatgg
1136 4062 1208 4103 ιιιιιιι
1245 4046 1352 4121 χασμᾷ
1383 4045 1426 4101 ost

148 4143 288 4209 secunda
308 4164 447 4227 persona
469 4163 573 4228 praes.
599 4144 696 4208 medii
732 4147 810 4227 (non
844 4148 927 4209 enim
963 4149 1078 4211 usitata
1115 4161 1157 4210 ost
1194 4151 1301 4211 activa
1334 4149 1429 4208 huius

148 4251 238 4314 verbi
261 4250 388 4333 forma).
416 4248 507 4331 Quae
530 4251 556 4324 si
578 4253 626 4314 ita
649 4259 731 4330 mut,
756 4251 966 4317 indicativum
984 4257 1228 4334 καταβροχθίζει,
1244 4275 1337 4335 quem
1357 4255 1427 4315 litui

148 4356 313 4442 praebent,
336 4357 465 4420 retineri
488 4373 616 4422 necesse
639 4365 696 4421 est.
721 4357 890 4422 Stnrotura
919 4379 996 4424 vero
1032 4362 1126 4423 λιιῖιιιι
1158 4361 1219 4424 Ιοαῖ
1256 4361 1429 4424 ιιιίιιίῖίίῖιῖ-

150 4461 189 4526 lis
211 4469 268 4526 est·
292 4482 368 4528 narn
392 4471 449 4526 aut
472 4465 691 4530 anacoluthon
714 4467 815 4530 inesse
831 4467 1000 4548 laxiusque
1015 4471 1222 4552 participium
1242 4489 1312 4532 cum
1331 4471 1428 4530 κακίω

153 4567 251 4647 triu,
274 4577 402 4634 munta
424 4573 669 4650 constructione,
694 4573 882 4655 copulatum
912 4593 981 4638 esse
1015 4577 1230 4654 statuendum,
1266 4595 1349 4656 (puae
1383 4587 1430 4638 est

1289 4697 1322 4752 91
