<?xml version="1.0" encoding="UTF-8"?>
<!DOCTYPE html PUBLIC "-//W3C//DTD XHTML 1.0 Transitional//EN"
    "http://www.w3.org/TR/xhtml1/DTD/xhtml1-transitional.dtd">
<html xmlns="http://www.w3.org/1999/xhtml" xml:lang="en" lang="en">
 <head>
  <title>
</title>
<meta http-equiv="Content-Type" content="text/html;charset=utf-8" />
  <meta name='ocr-system' content='tesseract 3.04.00' />
  <meta name='ocr-capabilities' content='ocr_page ocr_carea ocr_par ocr_line ocrx_word'/>
</head>
<body>
  <div class='ocr_page' id='page_1' title='image "./syntaxisaristop00sobogoog_0083.png"; bbox 0 0 3468 5390; ppageno 0'>
   <div class='ocr_carea' id='block_1_1' title="bbox 860 437 1039 500">
    <p class='ocr_par' dir='ltr' id='par_1_1' title="bbox 860 437 1039 500">
     <span class='ocr_line' id='line_1_1' title="bbox 860 437 1039 500; baseline 0 -18"><span class='ocrx_word' id='word_1_1' title='bbox 860 437 1039 500; x_wconf 70' lang='grc'>..68-</span> 
     </span>
    </p>
   </div>
   <div class='ocr_carea' id='block_1_2' title="bbox 310 577 1597 895">
    <p class='ocr_par' dir='ltr' id='par_1_2' title="bbox 310 577 1597 895">
     <span class='ocr_line' id='line_1_2' title="bbox 312 577 1597 680; baseline 0.003 -24"><span class='ocrx_word' id='word_1_2' title='bbox 312 593 429 676; x_wconf 83' lang='lat' dir='ltr'>agitur,</span> <span class='ocrx_word' id='word_1_3' title='bbox 445 599 483 664; x_wconf 88' lang='lat' dir='ltr'>ut</span> <span class='ocrx_word' id='word_1_4' title='bbox 504 595 538 656; x_wconf 90' lang='lat' dir='ltr'>in</span> <span class='ocrx_word' id='word_1_5' title='bbox 563 595 678 658; x_wconf 85' lang='lat' dir='ltr'>ceteris</span> <span class='ocrx_word' id='word_1_6' title='bbox 701 596 797 658; x_wconf 92' lang='lat' dir='ltr'>huius</span> <span class='ocrx_word' id='word_1_7' title='bbox 820 595 886 658; x_wconf 88' lang='lat' dir='ltr'>loci</span> <span class='ocrx_word' id='word_1_8' title='bbox 912 596 1078 676; x_wconf 75' lang='lat' dir='ltr'>optativis,</span> <span class='ocrx_word' id='word_1_9' title='bbox 1104 599 1137 658; x_wconf 89' lang='lat' dir='ltr'>et</span> <span class='ocrx_word' id='word_1_10' title='bbox 1152 596 1343 674; x_wconf 80' lang='grc' dir='ltr'>ἀπεχοίμεθα</span> <span class='ocrx_word' id='word_1_11' title='bbox 1359 577 1463 665; x_wconf 89' lang='lat' dir='ltr'>multo</span> <span class='ocrx_word' id='word_1_12' title='bbox 1477 597 1597 680; x_wconf 77' lang='lat' dir='ltr'>melius</span> 
     </span>
     <span class='ocr_line' id='line_1_3' title="bbox 311 702 1589 785; baseline 0.003 -21"><span class='ocrx_word' id='word_1_13' title='bbox 311 702 487 784; x_wconf 88' lang='lat' dir='ltr'>opponitur</span> <span class='ocrx_word' id='word_1_14' title='bbox 508 703 609 767; x_wconf 86' lang='lat' dir='ltr'>verbo</span> <span class='ocrx_word' id='word_1_15' title='bbox 641 704 829 780; x_wconf 84' lang='grc' dir='ltr'>προσίοιμεν</span> <span class='ocrx_word' id='word_1_16' title='bbox 855 702 917 785; x_wconf 84' lang='lat' dir='ltr'>(„si</span> <span class='ocrx_word' id='word_1_17' title='bbox 941 723 1006 766; x_wconf 92' lang='lat' dir='ltr'>non</span> <span class='ocrx_word' id='word_1_18' title='bbox 1023 703 1227 782; x_wconf 77' lang='lat' dir='ltr'><strong>accedamus,</strong></span> <span class='ocrx_word' id='word_1_19' title='bbox 1243 703 1302 768; x_wconf 89' lang='lat' dir='ltr'>sed</span> <span class='ocrx_word' id='word_1_20' title='bbox 1318 705 1589 782; x_wconf 75' lang='lat' dir='ltr'>abstineamm“),</span> 
     </span>
     <span class='ocr_line' id='line_1_4' title="bbox 310 805 1513 895; baseline 0 -24"><span class='ocrx_word' id='word_1_21' title='bbox 310 825 409 888; x_wconf 84' lang='lat' dir='ltr'>quarn</span> <span class='ocrx_word' id='word_1_22' title='bbox 431 809 635 885; x_wconf 62' lang='lat' dir='ltr'>unocastello,</span> <span class='ocrx_word' id='word_1_23' title='bbox 661 809 714 870; x_wconf 92' lang='lat' dir='ltr'>cui</span> <span class='ocrx_word' id='word_1_24' title='bbox 737 810 858 890; x_wconf 89' lang='lat' dir='ltr'>opponi</span> <span class='ocrx_word' id='word_1_25' title='bbox 883 807 1025 876; x_wconf 85' lang='lat' dir='ltr'>debebat</span> <span class='ocrx_word' id='word_1_26' title='bbox 1048 809 1237 875; x_wconf 77' lang='grc' dir='ltr'>ἀπελαύνειν</span> <span class='ocrx_word' id='word_1_27' title='bbox 1258 805 1315 895; x_wconf 88' lang='lat' dir='ltr'>(cf.</span> <span class='ocrx_word' id='word_1_28' title='bbox 1345 829 1375 873; x_wconf 86' lang='lat' dir='ltr'>v.</span> <span class='ocrx_word' id='word_1_29' title='bbox 1398 810 1513 892; x_wconf 83' lang='lat'>1001).</span> 
     </span>
    </p>
   </div>
   <div class='ocr_carea' id='block_1_3' title="bbox 392 999 1510 1072">
    <p class='ocr_par' dir='ltr' id='par_1_3' title="bbox 392 999 1510 1072">
     <span class='ocr_line' id='line_1_5' title="bbox 392 999 1510 1072; baseline 0.002 -18"><span class='ocrx_word' id='word_1_30' title='bbox 392 1003 427 1068; x_wconf 86' lang='lat'>2)</span> <span class='ocrx_word' id='word_1_31' title='bbox 448 999 679 1058; x_wconf 81' lang='lat' dir='ltr'>condiciones</span> <span class='ocrx_word' id='word_1_32' title='bbox 698 1001 876 1072; x_wconf 71' lang='lat' dir='ltr'>optativae</span> <span class='ocrx_word' id='word_1_33' title='bbox 895 1017 938 1060; x_wconf 87' lang='lat' dir='ltr'>ax</span> <span class='ocrx_word' id='word_1_34' title='bbox 956 1001 1126 1058; x_wconf 87' lang='lat' dir='ltr'>historico</span> <span class='ocrx_word' id='word_1_35' title='bbox 1146 1003 1300 1070; x_wconf 82' lang='lat' dir='ltr'>tempore</span> <span class='ocrx_word' id='word_1_36' title='bbox 1320 1015 1510 1072; x_wconf 78' lang='lat' dir='ltr'><strong>suspensae.</strong></span> 
     </span>
    </p>
   </div>
   <div class='ocr_carea' id='block_1_4' title="bbox 303 1163 1596 3063">
    <p class='ocr_par' dir='ltr' id='par_1_4' title="bbox 304 1163 1596 2635">
     <span class='ocr_line' id='line_1_6' title="bbox 353 1163 1595 1246; baseline -0.003 -20"><span class='ocrx_word' id='word_1_37' title='bbox 353 1163 427 1226; x_wconf 90' lang='lat' dir='ltr'>Huc</span> <span class='ocrx_word' id='word_1_38' title='bbox 449 1163 560 1227; x_wconf 88' lang='lat' dir='ltr'>rettuli</span> <span class='ocrx_word' id='word_1_39' title='bbox 584 1163 710 1244; x_wconf 83' lang='lat' dir='ltr'>aliquot</span> <span class='ocrx_word' id='word_1_40' title='bbox 734 1164 951 1240; x_wconf 79' lang='lat' dir='ltr'>condiciones,</span> <span class='ocrx_word' id='word_1_41' title='bbox 977 1183 1061 1244; x_wconf 89' lang='lat' dir='ltr'>quae</span> <span class='ocrx_word' id='word_1_42' title='bbox 1086 1166 1268 1246; x_wconf 86' lang='lat' dir='ltr'>optativum</span> <span class='ocrx_word' id='word_1_43' title='bbox 1305 1167 1339 1226; x_wconf 92' lang='lat' dir='ltr'>in</span> <span class='ocrx_word' id='word_1_44' title='bbox 1372 1164 1496 1246; x_wconf 76' lang='lat' dir='ltr'>protasi</span> <span class='ocrx_word' id='word_1_45' title='bbox 1525 1181 1595 1224; x_wconf 84' lang='lat' dir='ltr'>non.</span> 
     </span>
     <span class='ocr_line' id='line_1_7' title="bbox 308 1265 1589 1354; baseline -0.002 -20"><span class='ocrx_word' id='word_1_46' title='bbox 308 1289 369 1354; x_wconf 91' lang='lat' dir='ltr'>per</span> <span class='ocrx_word' id='word_1_47' title='bbox 391 1288 425 1334; x_wconf 90' lang='lat' dir='ltr'>se</span> <span class='ocrx_word' id='word_1_48' title='bbox 445 1272 569 1334; x_wconf 85' lang='lat' dir='ltr'>habere</span> <span class='ocrx_word' id='word_1_49' title='bbox 592 1271 754 1351; x_wconf 89' lang='lat' dir='ltr'>videntur,</span> <span class='ocrx_word' id='word_1_50' title='bbox 779 1271 837 1334; x_wconf 92' lang='lat' dir='ltr'>sed</span> <span class='ocrx_word' id='word_1_51' title='bbox 869 1277 1054 1354; x_wconf 90' lang='lat' dir='ltr'>propterea,</span> <span class='ocrx_word' id='word_1_52' title='bbox 1091 1272 1179 1352; x_wconf 89' lang='lat' dir='ltr'>quod</span> <span class='ocrx_word' id='word_1_53' title='bbox 1214 1265 1377 1354; x_wconf 83' lang='lat' dir='ltr'>apodosis,</span> <span class='ocrx_word' id='word_1_54' title='bbox 1414 1271 1455 1335; x_wconf 92' lang='lat' dir='ltr'>ad</span> <span class='ocrx_word' id='word_1_55' title='bbox 1493 1287 1589 1352; x_wconf 85' lang='lat' dir='ltr'>quam</span> 
     </span>
     <span class='ocr_line' id='line_1_8' title="bbox 309 1376 1594 1460; baseline -0.001 -20"><span class='ocrx_word' id='word_1_56' title='bbox 309 1376 605 1455; x_wconf 77' lang='lat' dir='ltr'>accommodantur,</span> <span class='ocrx_word' id='word_1_57' title='bbox 631 1381 687 1440; x_wconf 87' lang='lat' dir='ltr'>aut</span> <span class='ocrx_word' id='word_1_58' title='bbox 710 1379 858 1460; x_wconf 88' lang='lat' dir='ltr'>optativo</span> <span class='ocrx_word' id='word_1_59' title='bbox 882 1380 954 1460; x_wconf 89' lang='lat' dir='ltr'>ipsa</span> <span class='ocrx_word' id='word_1_60' title='bbox 986 1379 1073 1441; x_wconf 89' lang='lat' dir='ltr'>elata</span> <span class='ocrx_word' id='word_1_61' title='bbox 1107 1383 1155 1442; x_wconf 90' lang='lat' dir='ltr'>est</span> <span class='ocrx_word' id='word_1_62' title='bbox 1173 1385 1235 1441; x_wconf 90' lang='lat' dir='ltr'>&#39;aut</span> <span class='ocrx_word' id='word_1_63' title='bbox 1257 1380 1420 1442; x_wconf 88' lang='lat' dir='ltr'>infinitivo</span> <span class='ocrx_word' id='word_1_64' title='bbox 1448 1398 1488 1442; x_wconf 84' lang='lat' dir='ltr'>ex</span> <span class='ocrx_word' id='word_1_65' title='bbox 1511 1383 1594 1440; x_wconf 88' lang='lat' dir='ltr'>tem--</span> 
     </span>
     <span class='ocr_line' id='line_1_9' title="bbox 307 1483 1589 1567; baseline 0 -20"><span class='ocrx_word' id='word_1_66' title='bbox 307 1503 387 1567; x_wconf 87' lang='lat' dir='ltr'>pore</span> <span class='ocrx_word' id='word_1_67' title='bbox 408 1485 564 1546; x_wconf 88' lang='lat' dir='ltr'>historico</span> <span class='ocrx_word' id='word_1_68' title='bbox 588 1483 759 1565; x_wconf 80' lang='lat' dir='ltr'>pendente.</span> <span class='ocrx_word' id='word_1_69' title='bbox 785 1485 894 1565; x_wconf 83' lang='lat' dir='ltr'>Atque</span> <span class='ocrx_word' id='word_1_70' title='bbox 917 1487 977 1548; x_wconf 88' lang='lat' dir='ltr'>has</span> <span class='ocrx_word' id='word_1_71' title='bbox 1001 1485 1133 1565; x_wconf 89' lang='lat' dir='ltr'>quidem</span> <span class='ocrx_word' id='word_1_72' title='bbox 1169 1487 1202 1547; x_wconf 90' lang='lat' dir='ltr'>in</span> <span class='ocrx_word' id='word_1_73' title='bbox 1226 1491 1316 1550; x_wconf 85' lang='lat' dir='ltr'>recta</span> <span class='ocrx_word' id='word_1_74' title='bbox 1340 1487 1489 1550; x_wconf 82' lang='lat' dir='ltr'>oratione</span> <span class='ocrx_word' id='word_1_75' title='bbox 1513 1503 1589 1548; x_wconf 86' lang='lat' dir='ltr'>con·</span> 
     </span>
     <span class='ocr_line' id='line_1_10' title="bbox 307 1589 1596 1672; baseline -0.003 -19"><span class='ocrx_word' id='word_1_76' title='bbox 307 1591 452 1654; x_wconf 88' lang='lat' dir='ltr'>iunctivo</span> <span class='ocrx_word' id='word_1_77' title='bbox 477 1591 639 1653; x_wconf 90' lang='lat' dir='ltr'>enuntiari</span> <span class='ocrx_word' id='word_1_78' title='bbox 664 1589 823 1667; x_wconf 83' lang='lat' dir='ltr'>debuisse,</span> <span class='ocrx_word' id='word_1_79' title='bbox 847 1591 924 1654; x_wconf 89' lang='lat' dir='ltr'>inde</span> <span class='ocrx_word' id='word_1_80' title='bbox 960 1591 1192 1668; x_wconf 81' lang='lat' dir='ltr'>concludimus,</span> <span class='ocrx_word' id='word_1_81' title='bbox 1229 1592 1324 1672; x_wconf 89' lang='lat' dir='ltr'>quod·</span> <span class='ocrx_word' id='word_1_82' title='bbox 1345 1591 1420 1668; x_wconf 69' lang='lat' dir='ltr'>An,</span> <span class='ocrx_word' id='word_1_83' title='bbox 1456 1607 1530 1656; x_wconf 88' lang='lat' dir='ltr'>oum</span> <span class='ocrx_word' id='word_1_84' title='bbox 1555 1591 1596 1652; x_wconf 57' lang='lat' dir='ltr'>int</span> 
     </span>
     <span class='ocr_line' id='line_1_11' title="bbox 306 1695 1593 1779; baseline -0.002 -20"><span class='ocrx_word' id='word_1_85' title='bbox 306 1696 535 1778; x_wconf 88' lang='lat' dir='ltr'>potentialium</span> <span class='ocrx_word' id='word_1_86' title='bbox 558 1695 787 1758; x_wconf 87' lang='lat' dir='ltr'>condicionum</span> <span class='ocrx_word' id='word_1_87' title='bbox 812 1696 950 1778; x_wconf 87' lang='lat' dir='ltr'>apodosi</span> <span class='ocrx_word' id='word_1_88' title='bbox 982 1697 1049 1760; x_wconf 83' lang='lat' dir='ltr'>tere</span> <span class='ocrx_word' id='word_1_89' title='bbox 1082 1703 1272 1760; x_wconf 86' lang='lat' dir='ltr'>constanter</span> <span class='ocrx_word' id='word_1_90' title='bbox 1303 1699 1489 1779; x_wconf 70' lang='lat' dir='ltr'>‘optativum</span> <span class='ocrx_word' id='word_1_91' title='bbox 1517 1715 1593 1759; x_wconf 84' lang='lat' dir='ltr'>oum</span> 
     </span>
     <span class='ocr_line' id='line_1_12' title="bbox 308 1803 1595 1886; baseline -0.004 -18"><span class='ocrx_word' id='word_1_92' title='bbox 308 1804 482 1885; x_wconf 72' lang='lat' dir='ltr'>(inponat,</span> <span class='ocrx_word' id='word_1_93' title='bbox 506 1803 560 1864; x_wconf 90' lang='lat' dir='ltr'>hio</span> <span class='ocrx_word' id='word_1_94' title='bbox 586 1820 726 1883; x_wconf 87' lang='lat' dir='ltr'>quoque,</span> <span class='ocrx_word' id='word_1_95' title='bbox 751 1805 779 1864; x_wconf 91' lang='lat' dir='ltr'>si</span> <span class='ocrx_word' id='word_1_96' title='bbox 801 1803 982 1866; x_wconf 88' lang='lat' dir='ltr'>infinitivus</span> <span class='ocrx_word' id='word_1_97' title='bbox 1007 1824 1046 1867; x_wconf 88' lang='lat' dir='ltr'>ex</span> <span class='ocrx_word' id='word_1_98' title='bbox 1070 1807 1218 1886; x_wconf 88' lang='lat' dir='ltr'>optativo</span> <span class='ocrx_word' id='word_1_99' title='bbox 1245 1822 1317 1867; x_wconf 89' lang='lat' dir='ltr'>cum</span> <span class='ocrx_word' id='word_1_100' title='bbox 1335 1805 1374 1870; x_wconf 84' lang='grc' dir='ltr'>ἄν</span> <span class='ocrx_word' id='word_1_101' title='bbox 1391 1812 1480 1869; x_wconf 89' lang='lat' dir='ltr'>ortus</span> <span class='ocrx_word' id='word_1_102' title='bbox 1497 1807 1595 1879; x_wconf 78' lang='lat' dir='ltr'>esset,</span> 
     </span>
     <span class='ocr_line' id='line_1_13' title="bbox 308 1908 1595 1992; baseline -0.005 -19"><span class='ocrx_word' id='word_1_103' title='bbox 308 1909 348 1973; x_wconf 88' lang='grc' dir='ltr'>ἀν</span> <span class='ocrx_word' id='word_1_104' title='bbox 372 1909 492 1973; x_wconf 81' lang='lat' dir='ltr'>addere</span> <span class='ocrx_word' id='word_1_105' title='bbox 517 1908 668 1985; x_wconf 85' lang='lat' dir='ltr'>debebat,</span> <span class='ocrx_word' id='word_1_106' title='bbox 695 1909 780 1988; x_wconf 91' lang='lat' dir='ltr'>quod</span> <span class='ocrx_word' id='word_1_107' title='bbox 803 1929 963 1990; x_wconf 84' lang='lat' dir='ltr'>nusquam</span> <span class='ocrx_word' id='word_1_108' title='bbox 998 1911 1191 1974; x_wconf 78' lang='lat' dir='ltr'>invenimus.</span> <span class='ocrx_word' id='word_1_109' title='bbox 1226 1911 1265 1973; x_wconf 61' lang='lat' dir='ltr'>&#39;ln</span> <span class='ocrx_word' id='word_1_110' title='bbox 1301 1913 1425 1988; x_wconf 88' lang='lat' dir='ltr'>ceteris,</span> <span class='ocrx_word' id='word_1_111' title='bbox 1452 1929 1595 1992; x_wconf 64' lang='lat' dir='ltr'>quarum,</span> 
     </span>
     <span class='ocr_line' id='line_1_14' title="bbox 308 2017 1594 2100; baseline -0.002 -21"><span class='ocrx_word' id='word_1_112' title='bbox 308 2017 459 2099; x_wconf 86' lang='lat' dir='ltr'>epodosis</span> <span class='ocrx_word' id='word_1_113' title='bbox 482 2017 555 2098; x_wconf 87' lang='lat' dir='ltr'>ipsa</span> <span class='ocrx_word' id='word_1_114' title='bbox 579 2017 760 2096; x_wconf 90' lang='lat' dir='ltr'>optativum</span> <span class='ocrx_word' id='word_1_115' title='bbox 784 2017 893 2096; x_wconf 85' lang='lat' dir='ltr'>habet,</span> <span class='ocrx_word' id='word_1_116' title='bbox 918 2023 991 2080; x_wconf 88' lang='lat' dir='ltr'>utra</span> <span class='ocrx_word' id='word_1_117' title='bbox 1015 2019 1057 2080; x_wconf 89' lang='lat' dir='ltr'>sit</span> <span class='ocrx_word' id='word_1_118' title='bbox 1078 2037 1158 2082; x_wconf 89' lang='lat' dir='ltr'>vera</span> <span class='ocrx_word' id='word_1_119' title='bbox 1181 2019 1321 2100; x_wconf 85' lang='lat' dir='ltr'>protasis</span> <span class='ocrx_word' id='word_1_120' title='bbox 1350 2017 1465 2096; x_wconf 81' lang='lat' dir='ltr'>forma,</span> <span class='ocrx_word' id='word_1_121' title='bbox 1502 2021 1594 2080; x_wconf 87' lang='lat' dir='ltr'>certo</span> 
     </span>
     <span class='ocr_line' id='line_1_15' title="bbox 306 2121 1592 2206; baseline -0.003 -18"><span class='ocrx_word' id='word_1_122' title='bbox 306 2125 382 2188; x_wconf 86' lang='lat' dir='ltr'>sciri</span> <span class='ocrx_word' id='word_1_123' title='bbox 405 2143 470 2186; x_wconf 92' lang='lat' dir='ltr'>non</span> <span class='ocrx_word' id='word_1_124' title='bbox 492 2121 830 2206; x_wconf 71' lang='lat' dir='ltr'>potest-Ceterum</span> <span class='ocrx_word' id='word_1_125' title='bbox 856 2125 882 2188; x_wconf 83' lang='grc' dir='ltr'>εἰ</span> <span class='ocrx_word' id='word_1_126' title='bbox 918 2145 991 2186; x_wconf 90' lang='lat' dir='ltr'>oum</span> <span class='ocrx_word' id='word_1_127' title='bbox 1027 2127 1174 2206; x_wconf 86' lang='lat' dir='ltr'>optativo</span> <span class='ocrx_word' id='word_1_128' title='bbox 1209 2127 1243 2188; x_wconf 89' lang='lat' dir='ltr'>in</span> <span class='ocrx_word' id='word_1_129' title='bbox 1277 2125 1425 2188; x_wconf 88' lang='lat' dir='ltr'>oratione</span> <span class='ocrx_word' id='word_1_130' title='bbox 1455 2125 1592 2204; x_wconf 79' lang='lat' dir='ltr'>obliqua</span> 
     </span>
     <span class='ocr_line' id='line_1_16' title="bbox 307 2231 1595 2314; baseline -0.005 -19"><span class='ocrx_word' id='word_1_131' title='bbox 307 2232 483 2312; x_wconf 89' lang='lat' dir='ltr'>antiquitus</span> <span class='ocrx_word' id='word_1_132' title='bbox 508 2235 614 2292; x_wconf 91' lang='lat' dir='ltr'>ortum</span> <span class='ocrx_word' id='word_1_133' title='bbox 633 2249 701 2294; x_wconf 88' lang='lat' dir='ltr'>esse</span> <span class='ocrx_word' id='word_1_134' title='bbox 724 2250 789 2292; x_wconf 94' lang='lat' dir='ltr'>non</span> <span class='ocrx_word' id='word_1_135' title='bbox 812 2249 854 2293; x_wconf 88' lang='lat' dir='ltr'>ex</span> <span class='ocrx_word' id='word_1_136' title='bbox 877 2233 934 2295; x_wconf 78' lang='grc' dir='ltr'>ἐάν</span> <span class='ocrx_word' id='word_1_137' title='bbox 959 2242 1031 2294; x_wconf 88' lang='lat' dir='ltr'>cnm</span> <span class='ocrx_word' id='word_1_138' title='bbox 1055 2234 1274 2309; x_wconf 86' lang='lat' dir='ltr'>coniunctivo,</span> <span class='ocrx_word' id='word_1_139' title='bbox 1291 2239 1328 2296; x_wconf 89' lang='lat' dir='ltr'>nt</span> <span class='ocrx_word' id='word_1_140' title='bbox 1343 2231 1442 2314; x_wconf 82' lang='lat' dir='ltr'>vulgo</span> <span class='ocrx_word' id='word_1_141' title='bbox 1460 2233 1595 2307; x_wconf 80' lang='lat' dir='ltr'>docent,</span> 
     </span>
     <span class='ocr_line' id='line_1_17' title="bbox 306 2337 1596 2422; baseline -0.002 -19"><span class='ocrx_word' id='word_1_142' title='bbox 306 2339 362 2404; x_wconf 88' lang='lat' dir='ltr'>sed</span> <span class='ocrx_word' id='word_1_143' title='bbox 387 2359 426 2403; x_wconf 86' lang='lat' dir='ltr'>ex</span> <span class='ocrx_word' id='word_1_144' title='bbox 451 2338 475 2402; x_wconf 89' lang='grc' dir='ltr'>εἰ</span> <span class='ocrx_word' id='word_1_145' title='bbox 499 2357 573 2400; x_wconf 90' lang='lat' dir='ltr'>cum</span> <span class='ocrx_word' id='word_1_146' title='bbox 597 2338 814 2414; x_wconf 89' lang='lat' dir='ltr'>coniunctivo,</span> <span class='ocrx_word' id='word_1_147' title='bbox 839 2339 1017 2400; x_wconf 85' lang='lat' dir='ltr'>rectissime</span> <span class='ocrx_word' id='word_1_148' title='bbox 1041 2339 1123 2402; x_wconf 83' lang='lat' dir='ltr'>vidit</span> <span class='ocrx_word' id='word_1_149' title='bbox 1153 2337 1414 2403; x_wconf 78' lang='lat' dir='ltr'>Gildersleeveus</span> <span class='ocrx_word' id='word_1_150' title='bbox 1450 2337 1541 2422; x_wconf 87' lang='lat' dir='ltr'>(·,0n</span> <span class='ocrx_word' id='word_1_151' title='bbox 1563 2337 1596 2401; x_wconf 87' lang='grc' dir='ltr'>εί</span> 
     </span>
     <span class='ocr_line' id='line_1_18' title="bbox 304 2444 1590 2528; baseline -0.002 -18"><span class='ocrx_word' id='word_1_152' title='bbox 304 2448 386 2510; x_wconf 87' lang='lat' dir='ltr'>with</span> <span class='ocrx_word' id='word_1_153' title='bbox 411 2447 465 2508; x_wconf 91' lang='lat' dir='ltr'>the</span> <span class='ocrx_word' id='word_1_154' title='bbox 488 2444 609 2506; x_wconf 88' lang='lat' dir='ltr'>Future</span> <span class='ocrx_word' id='word_1_155' title='bbox 632 2444 723 2506; x_wconf 85' lang='lat' dir='ltr'>Iud.“</span> <span class='ocrx_word' id='word_1_156' title='bbox 748 2464 780 2526; x_wconf 94' lang='lat' dir='ltr'>p.</span> <span class='ocrx_word' id='word_1_157' title='bbox 806 2445 852 2528; x_wconf 82' lang='lat'>4),</span> <span class='ocrx_word' id='word_1_158' title='bbox 878 2445 1014 2509; x_wconf 75' lang='lat' dir='ltr'>cumdio</span> <span class='ocrx_word' id='word_1_159' title='bbox 1050 2448 1206 2509; x_wconf 91' lang='lat' dir='ltr'>orationis</span> <span class='ocrx_word' id='word_1_160' title='bbox 1243 2453 1352 2510; x_wconf 86' lang='lat' dir='ltr'>rectae</span> <span class='ocrx_word' id='word_1_161' title='bbox 1388 2449 1421 2511; x_wconf 90' lang='lat' dir='ltr'>in</span> <span class='ocrx_word' id='word_1_162' title='bbox 1453 2447 1590 2527; x_wconf 85' lang='lat' dir='ltr'>obliqua</span> 
     </span>
     <span class='ocr_line' id='line_1_19' title="bbox 306 2551 732 2635; baseline -0.009 -18"><span class='ocrx_word' id='word_1_163' title='bbox 306 2571 436 2635; x_wconf 90' lang='lat' dir='ltr'>quoque</span> <span class='ocrx_word' id='word_1_164' title='bbox 459 2551 562 2614; x_wconf 87' lang='lat' dir='ltr'>soleat</span> <span class='ocrx_word' id='word_1_165' title='bbox 590 2570 732 2614; x_wconf 91' lang='lat' dir='ltr'>manere.</span> 
     </span>
    </p>

    <p class='ocr_par' dir='ltr' id='par_1_5' title="bbox 303 2658 1596 3063">
     <span class='ocr_line' id='line_1_20' title="bbox 350 2658 1594 2742; baseline 0.001 -21"><span class='ocrx_word' id='word_1_166' title='bbox 350 2661 388 2721; x_wconf 92' lang='lat' dir='ltr'>ln</span> <span class='ocrx_word' id='word_1_167' title='bbox 413 2658 545 2739; x_wconf 81' lang='lat' dir='ltr'>opodos&#39;i</span> <span class='ocrx_word' id='word_1_168' title='bbox 569 2660 669 2741; x_wconf 83' lang='lat' dir='ltr'>igitur</span> <span class='ocrx_word' id='word_1_169' title='bbox 693 2665 809 2740; x_wconf 92' lang='lat' dir='ltr'>quater</span> <span class='ocrx_word' id='word_1_170' title='bbox 833 2659 1035 2742; x_wconf 63' lang='grc' dir='ltr'>ιἰιμίπίίίαιιιν,</span> <span class='ocrx_word' id='word_1_171' title='bbox 1062 2679 1101 2722; x_wconf 84' lang='lat' dir='ltr'>ex</span> <span class='ocrx_word' id='word_1_172' title='bbox 1125 2661 1303 2741; x_wconf 88' lang='lat' dir='ltr'>praeterito</span> <span class='ocrx_word' id='word_1_173' title='bbox 1319 2661 1527 2742; x_wconf 89' lang='lat' dir='ltr'>pendentem,</span> <span class='ocrx_word' id='word_1_174' title='bbox 1539 2663 1594 2722; x_wconf 73' lang='lat' dir='ltr'>in·</span> 
     </span>
     <span class='ocr_line' id='line_1_21' title="bbox 304 2765 1585 2849; baseline 0 -20"><span class='ocrx_word' id='word_1_175' title='bbox 304 2769 452 2831; x_wconf 89' lang='lat' dir='ltr'>venimus</span> <span class='ocrx_word' id='word_1_176' title='bbox 478 2765 537 2849; x_wconf 88' lang='lat' dir='ltr'>(a),</span> <span class='ocrx_word' id='word_1_177' title='bbox 563 2767 734 2846; x_wconf 89' lang='lat' dir='ltr'>quinquies</span> <span class='ocrx_word' id='word_1_178' title='bbox 758 2765 933 2845; x_wconf 80' lang='grc' dir='ltr'>ομίαίιίνιιυ</span> <span class='ocrx_word' id='word_1_179' title='bbox 956 2768 1125 2848; x_wconf 90' lang='lat' dir='ltr'>proprium</span> <span class='ocrx_word' id='word_1_180' title='bbox 1150 2767 1289 2829; x_wconf 89' lang='lat' dir='ltr'>liberum</span> <span class='ocrx_word' id='word_1_181' title='bbox 1315 2767 1375 2847; x_wconf 76' lang='lat' dir='ltr'>(b),</span> <span class='ocrx_word' id='word_1_182' title='bbox 1400 2769 1502 2832; x_wconf 91' lang='lat' dir='ltr'>semel</span> <span class='ocrx_word' id='word_1_183' title='bbox 1516 2767 1585 2849; x_wconf 65' lang='grc' dir='ltr'>ιἠέ-</span> 
     </span>
     <span class='ocr_line' id='line_1_22' title="bbox 303 2867 1596 2956; baseline -0.002 -18"><span class='ocrx_word' id='word_1_184' title='bbox 303 2875 447 2951; x_wconf 76' lang='lat' dir='ltr'>m&#39;tc&#39;cnm,</span> <span class='ocrx_word' id='word_1_185' title='bbox 473 2893 512 2936; x_wconf 84' lang='lat' dir='ltr'>ex</span> <span class='ocrx_word' id='word_1_186' title='bbox 535 2875 699 2954; x_wconf 88' lang='lat' dir='ltr'>praesenti</span> <span class='ocrx_word' id='word_1_187' title='bbox 723 2867 1003 2955; x_wconf 64' lang='lat' dir='ltr'>suspensum,&#39;sed</span> <span class='ocrx_word' id='word_1_188' title='bbox 1028 2873 1083 2954; x_wconf 91' lang='lat' dir='ltr'>qui</span> <span class='ocrx_word' id='word_1_189' title='bbox 1108 2892 1148 2935; x_wconf 87' lang='lat' dir='ltr'>cx</span> <span class='ocrx_word' id='word_1_190' title='bbox 1172 2874 1320 2954; x_wconf 91' lang='lat' dir='ltr'>optativo</span> <span class='ocrx_word' id='word_1_191' title='bbox 1344 2875 1477 2956; x_wconf 88' lang='lat' dir='ltr'>proprio</span> <span class='ocrx_word' id='word_1_192' title='bbox 1494 2883 1596 2938; x_wconf 84' lang='lat' dir='ltr'>natus</span> 
     </span>
     <span class='ocr_line' id='line_1_23' title="bbox 303 2979 1594 3063; baseline -0.001 -20"><span class='ocrx_word' id='word_1_193' title='bbox 303 2981 456 3046; x_wconf 87' lang='lat' dir='ltr'>videatur</span> <span class='ocrx_word' id='word_1_194' title='bbox 477 2981 534 3063; x_wconf 86' lang='lat' dir='ltr'>(o),</span> <span class='ocrx_word' id='word_1_195' title='bbox 558 2981 608 3042; x_wconf 87' lang='lat' dir='ltr'>bis</span> <span class='ocrx_word' id='word_1_196' title='bbox 631 2981 666 3041; x_wconf 91' lang='lat' dir='ltr'>in</span> <span class='ocrx_word' id='word_1_197' title='bbox 690 2979 836 3061; x_wconf 79' lang='lat' dir='ltr'>apodosi&#39;</span> <span class='ocrx_word' id='word_1_198' title='bbox 851 2985 899 3042; x_wconf 87' lang='lat' dir='ltr'>est</span> <span class='ocrx_word' id='word_1_199' title='bbox 922 2980 1096 3042; x_wconf 77' lang='grc' dir='ltr'>οιιιιιιίίαίίο</span> <span class='ocrx_word' id='word_1_200' title='bbox 1115 2979 1240 3062; x_wconf 70' lang='lat' dir='ltr'>finalis,</span> <span class='ocrx_word' id='word_1_201' title='bbox 1271 2999 1310 3042; x_wconf 86' lang='lat' dir='ltr'>ex</span> <span class='ocrx_word' id='word_1_202' title='bbox 1325 2983 1504 3061; x_wconf 89' lang='lat' dir='ltr'>praeterito</span> <span class='ocrx_word' id='word_1_203' title='bbox 1521 3000 1594 3044; x_wconf 85' lang='lat' dir='ltr'>sns-</span> 
     </span>
    </p>
   </div>
   <div class='ocr_carea' id='block_1_5' title="bbox 302 3086 1714 3173">
    <p class='ocr_par' dir='ltr' id='par_1_6' title="bbox 302 3086 1714 3173">
     <span class='ocr_line' id='line_1_24' title="bbox 302 3086 1714 3173; baseline -0.007 -19"><span class='ocrx_word' id='word_1_204' title='bbox 302 3107 405 3173; x_wconf 89' lang='lat' dir='ltr'>pensa</span> <span class='ocrx_word' id='word_1_205' title='bbox 428 3089 469 3152; x_wconf 88' lang='lat' dir='ltr'>cb</span> <span class='ocrx_word' id='word_1_206' title='bbox 494 3104 632 3166; x_wconf 92' lang='lat' dir='ltr'>eamque</span> <span class='ocrx_word' id='word_1_207' title='bbox 656 3105 787 3162; x_wconf 84' lang='lat' dir='ltr'>causam</span> <span class='ocrx_word' id='word_1_208' title='bbox 813 3087 996 3168; x_wconf 91' lang='lat' dir='ltr'>optativum</span> <span class='ocrx_word' id='word_1_209' title='bbox 1021 3087 1188 3148; x_wconf 86' lang='lat' dir='ltr'>continens</span> <span class='ocrx_word' id='word_1_210' title='bbox 1212 3086 1273 3168; x_wconf 86' lang='lat' dir='ltr'>(d),</span> <span class='ocrx_word' id='word_1_211' title='bbox 1304 3087 1404 3150; x_wconf 91' lang='lat' dir='ltr'>semel</span> <span class='ocrx_word' id='word_1_212' title='bbox 1435 3088 1595 3170; x_wconf 79' lang='lat' dir='ltr'>epodosis</span> <span class='ocrx_word' id='word_1_213' title='bbox 1713 3117 1714 3144; x_wconf 76' lang='lat' dir='ltr'>t</span> 
     </span>
    </p>
   </div>
   <div class='ocr_carea' id='block_1_6' title="bbox 303 3197 1594 3282">
    <p class='ocr_par' dir='ltr' id='par_1_7' title="bbox 303 3197 1594 3282">
     <span class='ocr_line' id='line_1_25' title="bbox 303 3197 1594 3282; baseline -0.002 -20"><span class='ocrx_word' id='word_1_214' title='bbox 303 3201 376 3282; x_wconf 91' lang='lat' dir='ltr'>ipsa</span> <span class='ocrx_word' id='word_1_215' title='bbox 400 3197 614 3262; x_wconf 72' lang='lat' dir='ltr'>condicionem</span> <span class='ocrx_word' id='word_1_216' title='bbox 639 3197 813 3276; x_wconf 79' lang='lat' dir='ltr'>optativam</span> <span class='ocrx_word' id='word_1_217' title='bbox 839 3200 983 3261; x_wconf 90' lang='lat' dir='ltr'>continet</span> <span class='ocrx_word' id='word_1_218' title='bbox 1005 3199 1060 3279; x_wconf 79' lang='lat' dir='ltr'>(a).</span> <span class='ocrx_word' id='word_1_219' title='bbox 1098 3199 1161 3260; x_wconf 90' lang='lat' dir='ltr'>Hic</span> <span class='ocrx_word' id='word_1_220' title='bbox 1195 3198 1456 3262; x_wconf 84' lang='lat' dir='ltr'>commodissime</span> <span class='ocrx_word' id='word_1_221' title='bbox 1487 3199 1594 3263; x_wconf 85' lang='lat' dir='ltr'>eollo·</span> 
     </span>
    </p>
   </div>
   <div class='ocr_carea' id='block_1_7' title="bbox 303 3304 1714 3493">
    <p class='ocr_par' dir='ltr' id='par_1_8' title="bbox 303 3304 1714 3493">
     <span class='ocr_line' id='line_1_26' title="bbox 304 3304 1714 3388; baseline -0.004 -18"><span class='ocrx_word' id='word_1_222' title='bbox 304 3306 429 3370; x_wconf 87' lang='lat' dir='ltr'>candae</span> <span class='ocrx_word' id='word_1_223' title='bbox 452 3304 605 3368; x_wconf 89' lang='lat' dir='ltr'>videntur</span> <span class='ocrx_word' id='word_1_224' title='bbox 629 3311 693 3368; x_wconf 89' lang='lat' dir='ltr'>tres</span> <span class='ocrx_word' id='word_1_225' title='bbox 718 3305 785 3385; x_wconf 88' lang='lat' dir='ltr'>(vel</span> <span class='ocrx_word' id='word_1_226' title='bbox 810 3310 975 3387; x_wconf 88' lang='lat' dir='ltr'>quattuor)</span> <span class='ocrx_word' id='word_1_227' title='bbox 999 3307 1187 3381; x_wconf 90' lang='lat' dir='ltr'>sententiae,</span> <span class='ocrx_word' id='word_1_228' title='bbox 1213 3325 1296 3388; x_wconf 89' lang='lat' dir='ltr'>quae</span> <span class='ocrx_word' id='word_1_229' title='bbox 1320 3306 1461 3371; x_wconf 91' lang='lat' dir='ltr'>medium</span> <span class='ocrx_word' id='word_1_230' title='bbox 1478 3307 1592 3370; x_wconf 86' lang='lat' dir='ltr'>locum</span> <span class='ocrx_word' id='word_1_231' title='bbox 1713 3359 1714 3364; x_wconf 73' lang='grc'>,</span> 
     </span>
     <span class='ocr_line' id='line_1_27' title="bbox 303 3409 1714 3493; baseline -0.004 -18"><span class='ocrx_word' id='word_1_232' title='bbox 303 3416 413 3475; x_wconf 90' lang='lat' dir='ltr'>tenent</span> <span class='ocrx_word' id='word_1_233' title='bbox 435 3411 519 3472; x_wconf 91' lang='lat' dir='ltr'>inter</span> <span class='ocrx_word' id='word_1_234' title='bbox 543 3409 768 3473; x_wconf 89' lang='lat' dir='ltr'>condicionem</span> <span class='ocrx_word' id='word_1_235' title='bbox 793 3415 825 3474; x_wconf 92' lang='lat' dir='ltr'>et</span> <span class='ocrx_word' id='word_1_236' title='bbox 848 3411 1015 3491; x_wconf 87' lang='lat' dir='ltr'>obliquam</span> <span class='ocrx_word' id='word_1_237' title='bbox 1040 3412 1339 3493; x_wconf 81' lang='lat' dir='ltr'>interrogationem,</span> <span class='ocrx_word' id='word_1_238' title='bbox 1365 3411 1488 3491; x_wconf 87' lang='lat' dir='ltr'>quales,</span> <span class='ocrx_word' id='word_1_239' title='bbox 1514 3429 1592 3473; x_wconf 92' lang='lat' dir='ltr'>cum.</span> <span class='ocrx_word' id='word_1_240' title='bbox 1713 3443 1714 3456; x_wconf 47' lang='grc' dir='ltr'>ι</span> 
     </span>
    </p>
   </div>
   <div class='ocr_carea' id='block_1_8' title="bbox 296 3517 1589 3922">
    <p class='ocr_par' dir='ltr' id='par_1_9' title="bbox 301 3517 1436 3605">
     <span class='ocr_line' id='line_1_28' title="bbox 301 3517 1436 3605; baseline 0 -23"><span class='ocrx_word' id='word_1_241' title='bbox 301 3517 509 3582; x_wconf 89' lang='lat' dir='ltr'>coniunctivo</span> <span class='ocrx_word' id='word_1_242' title='bbox 534 3517 718 3593; x_wconf 86' lang='lat' dir='ltr'>efferuntur,</span> <span class='ocrx_word' id='word_1_243' title='bbox 742 3537 774 3599; x_wconf 90' lang='lat' dir='ltr'>p.</span> <span class='ocrx_word' id='word_1_244' title='bbox 800 3519 842 3579; x_wconf 88' lang='grc'>48</span> <span class='ocrx_word' id='word_1_245' title='bbox 868 3536 915 3598; x_wconf 92' lang='lat' dir='ltr'>sq.</span> <span class='ocrx_word' id='word_1_246' title='bbox 941 3519 1079 3582; x_wconf 88' lang='lat' dir='ltr'>tractavi</span> <span class='ocrx_word' id='word_1_247' title='bbox 1106 3518 1155 3600; x_wconf 85' lang='lat' dir='ltr'>(s).</span> <span class='ocrx_word' id='word_1_248' title='bbox 1434 3591 1436 3605; x_wconf 40' lang='grc' dir='ltr'>Ι</span> 
     </span>
    </p>

    <p class='ocr_par' dir='ltr' id='par_1_10' title="bbox 296 3623 1589 3922">
     <span class='ocr_line' id='line_1_29' title="bbox 346 3623 1589 3706; baseline -0.004 -17"><span class='ocrx_word' id='word_1_249' title='bbox 346 3623 385 3689; x_wconf 87' lang='lat' dir='ltr'>In</span> <span class='ocrx_word' id='word_1_250' title='bbox 403 3623 531 3702; x_wconf 75' lang='lat' dir='ltr'>protasi</span> <span class='ocrx_word' id='word_1_251' title='bbox 551 3624 743 3704; x_wconf 90' lang='lat' dir='ltr'>plerumque</span> <span class='ocrx_word' id='word_1_252' title='bbox 766 3623 904 3706; x_wconf 83' lang='lat' dir='ltr'>legimus</span> <span class='ocrx_word' id='word_1_253' title='bbox 927 3625 1083 3687; x_wconf 73' lang='lat' dir='ltr'>coriatam</span> <span class='ocrx_word' id='word_1_254' title='bbox 1121 3629 1161 3688; x_wconf 86' lang='lat'>13</span> <span class='ocrx_word' id='word_1_255' title='bbox 1187 3624 1256 3706; x_wconf 89' lang='lat' dir='ltr'>(vel</span> <span class='ocrx_word' id='word_1_256' title='bbox 1283 3628 1336 3700; x_wconf 74' lang='lat'>14)</span> <span class='ocrx_word' id='word_1_257' title='bbox 1376 3625 1467 3701; x_wconf 91' lang='lat' dir='ltr'>locis,</span> <span class='ocrx_word' id='word_1_258' title='bbox 1489 3642 1589 3704; x_wconf 80' lang='lat' dir='ltr'>proc·</span> 
     </span>
     <span class='ocr_line' id='line_1_30' title="bbox 299 3729 1587 3813; baseline -0.002 -18"><span class='ocrx_word' id='word_1_259' title='bbox 299 3749 372 3795; x_wconf 74' lang='lat' dir='ltr'>ceros</span> <span class='ocrx_word' id='word_1_260' title='bbox 396 3731 414 3792; x_wconf 84' lang='lat'>3</span> <span class='ocrx_word' id='word_1_261' title='bbox 439 3729 529 3806; x_wconf 92' lang='lat' dir='ltr'>locis,</span> <span class='ocrx_word' id='word_1_262' title='bbox 554 3747 692 3810; x_wconf 89' lang='lat' dir='ltr'>quorum</span> <span class='ocrx_word' id='word_1_263' title='bbox 715 3751 796 3792; x_wconf 89' lang='lat' dir='ltr'>unus</span> <span class='ocrx_word' id='word_1_264' title='bbox 821 3729 865 3793; x_wconf 88' lang='lat' dir='ltr'>ad</span> <span class='ocrx_word' id='word_1_265' title='bbox 887 3731 918 3808; x_wconf 84' lang='lat' dir='ltr'>d,</span> <span class='ocrx_word' id='word_1_266' title='bbox 943 3751 1024 3792; x_wconf 89' lang='lat' dir='ltr'>unus</span> <span class='ocrx_word' id='word_1_267' title='bbox 1049 3731 1091 3793; x_wconf 92' lang='lat' dir='ltr'>ad</span> <span class='ocrx_word' id='word_1_268' title='bbox 1126 3751 1150 3807; x_wconf 80' lang='lat' dir='ltr'>e,</span> <span class='ocrx_word' id='word_1_269' title='bbox 1192 3750 1273 3792; x_wconf 90' lang='lat' dir='ltr'>unus</span> <span class='ocrx_word' id='word_1_270' title='bbox 1308 3731 1349 3793; x_wconf 90' lang='lat' dir='ltr'>ad</span> <span class='ocrx_word' id='word_1_271' title='bbox 1376 3733 1402 3813; x_wconf 82' lang='lat' dir='ltr'><em>f</em></span> <span class='ocrx_word' id='word_1_272' title='bbox 1435 3731 1587 3813; x_wconf 80' lang='lat' dir='ltr'>pertinet,</span> 
     </span>
     <span class='ocr_line' id='line_1_31' title="bbox 296 3837 1027 3922; baseline -0.001 -22"><span class='ocrx_word' id='word_1_273' title='bbox 296 3838 477 3922; x_wconf 74' lang='lat' dir='ltr'>perfectam</span> <span class='ocrx_word' id='word_1_274' title='bbox 500 3856 564 3898; x_wconf 91' lang='lat' dir='ltr'>uno</span> <span class='ocrx_word' id='word_1_275' title='bbox 586 3837 670 3916; x_wconf 84' lang='lat' dir='ltr'>loco,</span> <span class='ocrx_word' id='word_1_276' title='bbox 697 3839 752 3918; x_wconf 91' lang='lat' dir='ltr'>qui</span> <span class='ocrx_word' id='word_1_277' title='bbox 778 3837 819 3900; x_wconf 87' lang='lat' dir='ltr'>ad</span> <span class='ocrx_word' id='word_1_278' title='bbox 836 3838 863 3920; x_wconf 87' lang='lat' dir='ltr'><em>s</em></span> <span class='ocrx_word' id='word_1_279' title='bbox 882 3838 1027 3900; x_wconf 87' lang='lat' dir='ltr'>refertur.</span> 
     </span>
    </p>
   </div>
   <div class='ocr_carea' id='block_1_9' title="bbox 299 4007 1590 4632">
    <p class='ocr_par' dir='ltr' id='par_1_11' title="bbox 300 4007 1590 4302">
     <span class='ocr_line' id='line_1_32' title="bbox 347 4007 1590 4102; baseline -0.005 -20"><span class='ocrx_word' id='word_1_280' title='bbox 347 4013 383 4102; x_wconf 76' lang='lat' dir='ltr'>a)</span> <span class='ocrx_word' id='word_1_281' title='bbox 404 4015 443 4078; x_wconf 77' lang='lat' dir='ltr'>n.</span> <span class='ocrx_word' id='word_1_282' title='bbox 469 4013 532 4086; x_wconf 75' lang='lat'>662</span> <span class='ocrx_word' id='word_1_283' title='bbox 556 4017 726 4096; x_wconf 82' lang='grc' dir='ltr'>παρῄνεσα</span> <span class='ocrx_word' id='word_1_284' title='bbox 762 4014 858 4095; x_wconf 82' lang='grc' dir='ltr'>είιχήν</span> <span class='ocrx_word' id='word_1_285' title='bbox 891 4016 1179 4095; x_wconf 71' lang='grc' dir='ltr'>ποιήσασθαι-αἱ</span> <span class='ocrx_word' id='word_1_286' title='bbox 1210 4017 1345 4095; x_wconf 79' lang='grc' dir='ltr'>τριχίδες</span> <span class='ocrx_word' id='word_1_287' title='bbox 1381 4016 1406 4080; x_wconf 89' lang='grc' dir='ltr'>εἰ</span> <span class='ocrx_word' id='word_1_288' title='bbox 1444 4007 1590 4092; x_wconf 81' lang='grc' dir='ltr'>γενοίαθἸ</span> 
     </span>
     <span class='ocr_line' id='line_1_33' title="bbox 300 4109 1583 4204; baseline -0.008 -13"><span class='ocrx_word' id='word_1_289' title='bbox 300 4125 415 4194; x_wconf 79' lang='grc' dir='ltr'>ἑκατὸν</span> <span class='ocrx_word' id='word_1_290' title='bbox 436 4109 608 4200; x_wconf 77' lang='grc' dir='ltr'>τούβολοῦ,</span> <span class='ocrx_word' id='word_1_291' title='bbox 633 4121 689 4185; x_wconf 88' lang='lat' dir='ltr'>ubi</span> <span class='ocrx_word' id='word_1_292' title='bbox 711 4122 767 4194; x_wconf 83' lang='lat' dir='ltr'>inl,</span> <span class='ocrx_word' id='word_1_293' title='bbox 793 4142 860 4186; x_wconf 86' lang='lat' dir='ltr'>aor.</span> <span class='ocrx_word' id='word_1_294' title='bbox 886 4142 926 4186; x_wconf 85' lang='lat' dir='ltr'>ex</span> <span class='ocrx_word' id='word_1_295' title='bbox 948 4123 1144 4204; x_wconf 86' lang='lat' dir='ltr'>imperativo</span> <span class='ocrx_word' id='word_1_296' title='bbox 1181 4141 1248 4186; x_wconf 84' lang='lat' dir='ltr'>aar.</span> <span class='ocrx_word' id='word_1_297' title='bbox 1279 4123 1435 4186; x_wconf 90' lang='lat' dir='ltr'>orationis</span> <span class='ocrx_word' id='word_1_298' title='bbox 1473 4128 1583 4185; x_wconf 86' lang='lat' dir='ltr'>rectae</span> 
     </span>
     <span class='ocr_line' id='line_1_34' title="bbox 301 4233 1191 4302; baseline -0.004 -4"><span class='ocrx_word' id='word_1_299' title='bbox 301 4237 390 4298; x_wconf 88' lang='lat' dir='ltr'>ortus</span> <span class='ocrx_word' id='word_1_300' title='bbox 413 4233 470 4294; x_wconf 90' lang='lat' dir='ltr'>est.</span> <span class='ocrx_word' id='word_1_301' title='bbox 1189 4297 1191 4302; x_wconf 76' lang='grc'>,</span> 
     </span>
    </p>

    <p class='ocr_par' dir='ltr' id='par_1_12' title="bbox 344 4336 1588 4417">
     <span class='ocr_line' id='line_1_35' title="bbox 344 4336 1588 4417; baseline -0.004 -17"><span class='ocrx_word' id='word_1_302' title='bbox 344 4338 403 4402; x_wconf 83' lang='grc' dir='ltr'>Εο.</span> <span class='ocrx_word' id='word_1_303' title='bbox 433 4338 494 4399; x_wconf 88' lang='grc'>194</span> <span class='ocrx_word' id='word_1_304' title='bbox 518 4336 555 4403; x_wconf 85' lang='grc' dir='ltr'>τὸ</span> <span class='ocrx_word' id='word_1_305' title='bbox 580 4339 832 4417; x_wconf 81' lang='grc' dir='ltr'>συμμαχικὸν-</span> <span class='ocrx_word' id='word_1_306' title='bbox 846 4337 874 4401; x_wconf 85' lang='grc' dir='ltr'>εἰ</span> <span class='ocrx_word' id='word_1_307' title='bbox 898 4337 938 4414; x_wconf 75' lang='grc' dir='ltr'>μὴ</span> <span class='ocrx_word' id='word_1_308' title='bbox 956 4337 1080 4414; x_wconf 70' lang='grc' dir='ltr'>γένοιτ’,</span> <span class='ocrx_word' id='word_1_309' title='bbox 1099 4337 1230 4402; x_wconf 79' lang='grc' dir='ltr'>ἀπολεῖν</span> <span class='ocrx_word' id='word_1_310' title='bbox 1245 4337 1393 4415; x_wconf 81' lang='grc' dir='ltr'>ἔφασκον</span> <span class='ocrx_word' id='word_1_311' title='bbox 1405 4339 1462 4415; x_wconf 82' lang='grc' dir='ltr'>τὴν</span> <span class='ocrx_word' id='word_1_312' title='bbox 1479 4337 1588 4402; x_wconf 76' lang='grc' dir='ltr'>πόλιν.</span> 
     </span>
    </p>

    <p class='ocr_par' dir='ltr' id='par_1_13' title="bbox 299 4435 1588 4632">
     <span class='ocr_line' id='line_1_36' title="bbox 343 4435 1586 4524; baseline 0.001 -19"><span class='ocrx_word' id='word_1_313' title='bbox 343 4442 393 4505; x_wconf 92' lang='lat' dir='ltr'>Pl.</span> <span class='ocrx_word' id='word_1_314' title='bbox 419 4443 483 4506; x_wconf 82' lang='lat'>836</span> <span class='ocrx_word' id='word_1_315' title='bbox 508 4444 606 4524; x_wconf 75' lang='grc' dir='ltr'>ᾤμην,</span> <span class='ocrx_word' id='word_1_316' title='bbox 631 4441 689 4517; x_wconf 83' lang='grc' dir='ltr'>οὓς</span> <span class='ocrx_word' id='word_1_317' title='bbox 712 4443 794 4522; x_wconf 88' lang='grc' dir='ltr'>τέως</span> <span class='ocrx_word' id='word_1_318' title='bbox 817 4444 1017 4521; x_wconf 67' lang='grc' dir='ltr'>εὐηργέτησα</span> <span class='ocrx_word' id='word_1_319' title='bbox 1041 4444 1226 4521; x_wconf 80' lang='grc' dir='ltr'>δεομένους,</span> <span class='ocrx_word' id='word_1_320' title='bbox 1263 4441 1341 4507; x_wconf 79' lang='grc' dir='ltr'>έ-ξειν</span> <span class='ocrx_word' id='word_1_321' title='bbox 1380 4435 1586 4522; x_wconf 73' lang='grc' dir='ltr'>φίλους,νεὶ</span> 
     </span>
     <span class='ocr_line' id='line_1_37' title="bbox 299 4533 1588 4632; baseline -0.003 -16"><span class='ocrx_word' id='word_1_322' title='bbox 299 4533 445 4628; x_wconf 83' lang='grc' dir='ltr'>δεηθείην</span> <span class='ocrx_word' id='word_1_323' title='bbox 467 4550 556 4614; x_wconf 87' lang='grc' dir='ltr'>ποτέ.</span> <span class='ocrx_word' id='word_1_324' title='bbox 581 4550 645 4616; x_wconf 82' lang='grc'>866</span> <span class='ocrx_word' id='word_1_325' title='bbox 667 4551 730 4614; x_wconf 87' lang='grc' dir='ltr'>ποῦ</span> <span class='ocrx_word' id='word_1_326' title='bbox 748 4549 812 4622; x_wconf 89' lang='grc' dir='ltr'>’σθ’</span> <span class='ocrx_word' id='word_1_327' title='bbox 829 4547 983 4628; x_wconf 46' lang='grc' dir='ltr'>ὁ-ὴμᾶς,</span> <span class='ocrx_word' id='word_1_328' title='bbox 1006 4551 1184 4627; x_wconf 89' lang='grc' dir='ltr'>πλουσίους</span> <span class='ocrx_word' id='word_1_329' title='bbox 1217 4545 1588 4632; x_wconf 54' lang='grc' dir='ltr'>ὑποσχόμενος-μοιτί·</span> 
     </span>
    </p>
   </div>
   <div class='ocr_carea' id='block_1_10' title="bbox 0 0 1738 5384">
    <p class='ocr_par' dir='ltr' id='par_1_14' title="bbox 0 0 1738 5384">
     <span class='ocr_line' id='line_1_38' title="bbox 0 0 1738 5384; baseline 0 0"><span class='ocrx_word' id='word_1_330' title='bbox 0 0 1738 5384; x_wconf 95' lang='lat' dir='ltr'> </span> 
     </span>
    </p>
   </div>
  </div>
 </body>
</html>
