3468 5390
694 439 872 501 ..51-

142 619 218 663 vum
243 601 283 666 de
308 622 347 666 eo
373 605 471 668 etiam
496 603 643 679 dicimus,
669 600 757 682 quod
782 602 842 664 etsi
865 619 925 663 nec
950 601 1016 663 lore
1039 619 1099 663 nec
1122 601 1195 664 lieri
1218 620 1313 682 posse
1337 605 1425 666 certo

141 709 269 787 seimus,
296 715 405 775 temen
429 730 525 792 quem
550 716 701 774 eventum
736 709 883 786 heberet,
907 709 934 770 si
957 707 1062 784 lieret,
1098 708 1302 772 meditamur.
1335 708 1425 773 Alibi

140 815 314 882 discrimen
338 824 405 882 tam
429 825 525 883 tenue
550 823 607 895 est,
632 823 668 880 01
691 817 800 881 verbis
824 817 954 880 deliniri
977 817 1033 878 vix
1057 823 1165 899 queat.
1189 817 1281 880 Haec
1302 821 1425 879 tantum

140 923 271 1002 eddam,
294 928 538 990 coniunctivum
562 931 629 990 tum
654 926 783 1008 saepius
806 913 897 1007 poni,¹
913 945 987 988 cum
1004 925 1153 990 condicio
1171 926 1213 989 ed
1228 926 1318 989 vitae
1333 943 1425 988 usum

139 1032 336 1111 contemtum
361 1034 508 1116 optativo
533 1035 662 1116 saepius
685 1035 732 1098 ibi
756 1033 863 1097 locum
889 1053 967 1111 esse,
993 1053 1066 1096 cum
1090 1033 1240 1097 condicio
1270 1037 1424 1114 tauquam

140 1140 172 1200 in
197 1141 396 1222 cogitatione
421 1139 490 1203 sols
513 1142 630 1223 posita,
655 1141 782 1204 etiamsi
808 1140 967 1205 derebus
991 1139 1158 1204 advitam
1188 1139 1424 1222 pertinentibus

138 1253 266 1328 agatur,
290 1248 483 1328 proteratur.
509 1244 618 1328 Quare
642 1247 724 1311 illud
749 1247 959 1331 legislatoris
981 1254 1038 1325 est,
1061 1248 1335 1330 hoophilosophi.
1359 1247 1424 1308 Ea·

138 1354 211 1417 dem
237 1353 277 1418 de
303 1373 410 1433 causa,
435 1361 470 1419 ut
493 1357 671 1420 rectissime
696 1353 968 1431 Gildersleeveus,
987 1355 1152 1438 optativus
1169 1373 1266 1436 saepe
1280 1354 1421 1436 ponitur,

137 1483 210 1525 cum
234 1462 355 1543 aliquis
379 1467 415 1527 01
438 1463 563 1546 aliquid
585 1463 644 1526 liat
668 1467 760 1545 optat
783 1468 840 1526 aut
863 1468 976 1526 contra
1008 1464 1144 1526 ne‘tiat
1177 1461 1293 1525 metuit
1320 1460 1421 1543 (vide,

136 1571 163 1632 si
187 1571 270 1633 tanti
295 1575 353 1647 est,
374 1571 533 1652 optimum
558 1570 741 1653 exemplum
764 1571 800 1633 in
822 1570 858 1633 1..
886 1571 960 1648 146,
983 1572 1040 1636 ubi
1064 1571 1163 1634 etiam
1186 1570 1204 1633 s
1230 1571 1270 1648 μὴ
1295 1569 1419 1645 γένοιτο

139 1676 287 1741 additum
312 1676 382 1760 est).
407 1676 500 1741 Idem
524 1678 606 1741 solet
629 1679 662 1740 in
686 1678 843 1761 exemplis
875 1678 971 1754 fictis,
1007 1695 1091 1760 quae
1127 1677 1287 1753 dicuntur,
1323 1680 1355 1738 et
1389 1676 1420 1737 in

139 1785 439 1866 comparationibus
463 1785 622 1868 usu1peri.

181 1889 410 1969 Condiciones,
434 1893 581 1975 optativo
607 1889 719 1968 elatas,
744 1892 777 1952 iu
802 1891 882 1954 duaa
905 1897 1015 1974 partes
1039 1892 1146 1969 divisi,
1164 1911 1299 1973 quarum
1319 1889 1422 1952 altera

140 1999 178 2062 ad
200 2000 345 2063 futurum
369 2004 504 2083 spectat,
530 2018 610 2080 quas
625 1999 763 2080 futuros
787 1999 973 2081 appelleb0,
1010 1999 1114 2063 altera
1143 2019 1211 2063 rem
1235 1999 1365 2080 saepius
1388 1998 1421 2058 in

139 2108 314 2190 praeterito
339 2108 511 2190 repetitam
542 2105 674 2182 indicat,
711 2123 791 2185 quas
825 2105 988 2186 pereroles
1024 2105 1209 2187 appellabo.
1244 2101 1422 2168 Ordiamur

140 2212 235 2295 igitur
258 2235 280 2278 a
303 2215 418 2278 tuturis
443 2213 696 2278 condicionibus.

674 2353 878 2367 ῌ

457 2491 484 2562 l.
514 2487 839 2563 CONDICIONES
867 2487 1098 2562 FUTURAE.

183 2667 250 2732 Hoc
276 2667 505 2732 condicionum
528 2687 628 2752 genus
652 2670 729 2733 item
753 2669 787 2730 in
811 2667 891 2731 duas
914 2669 1038 2752 species
1062 2667 1169 2746 divisi,
1205 2685 1341 2749 quarum
1374 2666 1421 2728 el·

143 2777 205 2836 tera
228 2776 374 2840 continet
397 2795 461 2853 ees,
488 2795 572 2856 quae
596 2782 652 2840 aut
674 2795 733 2859 per
756 2795 790 2840 se
813 2781 899 2839 stent
922 2781 987 2853 aut,
1026 2775 1053 2838 si
1088 2773 1237 2838 alicunde
1267 2772 1419 2855 pendent,

140 2882 234 2945 etiarn
259 2883 293 2946 in
317 2889 407 2948 recta
431 2885 577 2946 oratione
602 2883 739 2948 eandem
762 2883 900 2945 formam
923 2883 1095 2947 habiturae
1120 2885 1222 2958 erant,
1247 2898 1327 2960 quas
1347 2881 1419 2944 bre·

138 2989 245 3052 vitatis
270 3008 370 3054 seusa
391 2989 578 3070 potentiales
602 2990 787 3073 appellab03
813 2990 1005 3067 eburacae,
1029 3007 1113 3072 quae
1138 2988 1318 3070 optativum
1345 2986 1419 3050 ideo

138 3097 266 3174 hebent,
292 3096 380 3177 quod
404 3115 443 3160 ex
466 3099 623 3161 historico
648 3103 793 3180 tempore
816 3115 990 3180 suspensae
1013 3102 1096 3174 sunt,
1132 3102 1166 3159 et
1188 3096 1214 3157 si
1251 3093 1419 3158 absolutae

138 3209 249 3281 essent,
273 3205 518 3268 coniunctivum
541 3205 709 3268 haberent.
732 3195 889 3266 Dicamus
912 3203 1012 3286 igitur
1035 3202 1075 3266 de
1098 3204 1208 3286 priore
1232 3203 1349 3286 specie.

518 3381 546 3451 1)
566 3379 798 3436 condiciones
816 3378 1038 3447 potentiales.

179 3490 217 3553 In
236 3490 364 3570 protasi
387 3491 483 3554 huius
505 3491 632 3574 generis
655 3491 784 3572 saepius
808 3489 968 3569 optutibus
991 3489 1105 3553 coristi
1118 3491 1252 3571 ponitur
1268 3494 1309 3554 37
1326 3490 1416 3566 locis,

139 3599 239 3661 rarius
257 3598 440 3678 praesectis
466 3599 507 3661 20
531 3598 623 3676 locis,
648 3599 697 3662 bis
720 3603 893 3678 utrumque
917 3598 1125 3661 coniunctum
1148 3598 1293 3682 legimus.

181 3703 417 3771 Condicionum
440 3706 667 3788 potentialium
692 3706 904 3769 usitatissima
931 3724 969 3768 sc
995 3707 1140 3788 legitima
1163 3707 1267 3770 torma
1295 3725 1335 3771 ee
1357 3712 1415 3784 est,

139 3833 207 3876 cnm
232 3815 264 3876 in
290 3814 426 3896 epodosi
449 3814 614 3895 optativus
638 3832 711 3876 cum
735 3813 774 3877 ἄν
799 3819 857 3891 est3
893 3831 990 3894 quam
1026 3813 1130 3896 legem
1165 3815 1414 3897 Aristophanem

139 3919 379 4004 diligentissime
404 3923 592 3986 observasse
616 3921 772 3984 videmus.
796 3919 882 3984 Nem
907 3941 947 3984 ex
971 3922 1057 3984 omni
1081 3941 1214 3986 numero
1239 3921 1311 4006 (59)
1329 3922 1416 3986 loco-

138 4047 204 4092 mm
229 4035 292 4094 tres
317 4035 440 4093 tantum
465 4031 671 4112 excipiuntur
693 4029 729 4092 L.
757 4031 853 4092 1112.
876 4030 934 4092 Εο.
960 4031 1034 4091 647.
1058 4029 1108 4093 Pl.
1135 4031 1209 4106 329,
1227 4049 1364 4111 quorum
1382 4031 1414 4092 in

139 4135 271 4217 epodosi
294 4141 366 4200 sunt
389 4133 570 4200 locutiones
593 4135 664 4216 οὐχὶ
683 4135 824 4215 χαλεπὸν
839 4135 988 4213 τοῦργον,
1006 4137 1187 4214 δεινότερόν
1203 4137 1280 4214 ἐστι,
1297 4139 1412 4214 δεινόν;

139 4243 214 4308 alibi
239 4249 295 4307 eut
317 4249 445 4327 praesto
471 4249 518 4308 est
552 4244 710 4324 optutibus
746 4263 813 4306 0100
839 4243 879 4308 ἄν
903 4245 956 4307 vel
987 4246 1042 4326 qui
1078 4246 1146 4309 eius
1170 4246 1258 4308 vices
1279 4247 1412 4310 sustinet
1519 4291 1523 4300 -

139 4351 169 4414 in
192 4351 324 4434 obliqua
348 4353 494 4416 oratione
517 4351 702 4434 ›irrficv'tious
726 4370 795 4414 000
830 4350 879 4428 ἄν,
916 4357 972 4414 aut
1004 4352 1058 4414 vel
1081 4357 1182 4416 totum
1212 4355 1411 4418 enuntiatum

139 4459 188 4522 vel
210 4461 312 4524 solum
336 4461 469 4524 verbum
495 4459 634 4536 auditur,
660 4479 724 4541 quo
749 4457 936 4522 referendae
971 4465 1044 4523 sunt
1076 4459 1253 4524 locutiones
1289 4460 1350 4526 οὐκ
1386 4461 1412 4525 εἰ

139 4564 173 4628 Ρ.
198 4569 269 4640 112,
294 4567 352 4632 οὐκ
376 4567 415 4631 ἂν
439 4568 464 4630 εἰ
487 4565 527 4630 A.
554 4567 628 4628 966.
653 4565 692 4629 N.
722 4568 793 4631 108.
818 4567 857 4628 V.
884 4567 958 4630 299.
983 4567 1032 4631 Pl.
1059 4569 1132 4646 924,
1167 4569 1196 4633 τί
1230 4569 1269 4633 ἂν
1301 4569 1327 4632 εἰ
1349 4567 1412 4632 Τ1.
