3466 5406
699 456 877 515 -21..

146 609 227 671 mihi
250 608 390 686 videtur,
415 609 502 690 quod
524 610 666 672 futurum
689 609 736 672 ibi
761 611 868 685 etiam,
894 627 958 690 quo
982 609 1178 691 penetravit,
1202 605 1237 672 in*
1259 611 1425 673 sententiis

148 715 424 780 condicionalibus
448 721 480 779 et
503 716 648 779 relativis
673 716 762 798 (nam
786 717 819 778 in
843 717 1076 798 temporalibus
1111 717 1177 779 sere
1203 697 1269 780 nod
1291 737 1426 799 usurpa-

148 825 208 902 tur)
232 822 425 903 plerumque
448 823 566 885 retinet
587 823 763 901 medalem,
797 842 896 905 qnam
933 824 1053 900 dicunt,
1090 825 1370 907 significationem,
1396 825 1430 888 in

143 947 209 1010 qua
232 935 346 991 natum
370 934 418 992 est
443 929 642 1011 (mettas
667 950 694 993 c.
719 931 799 1014 ms).
826 929 922 1012 Quod
945 952 1023 995 vero
1049 931 1169 1008 dicunt,
1194 932 1301 994 futuro
1326 934 1426 1014 actio-

146 1055 216 1098 nem
242 1034 403 1098 diutinam
427 1057 446 1099 a
470 1036 677 1100 non-diutina
700 1038 854 1121 distingui
878 1059 943 1102 non
965 1059 1069 1121 posse,
1094 1038 1235 1120 ideoque
1257 1059 1322 1102 non
1350 1041 1427 1102 satis

144 1149 256 1225 aptum
279 1143 377 1206 tuisse
401 1144 444 1207 ad
468 1145 536 1207 eius
560 1146 686 1226 generis
711 1147 887 1223 enuntiata,
911 1163 952 1208 ne
975 1148 1037 1208 hoc
1062 1145 1194 1226 quidem
1225 1147 1336 1228 magni
1358 1165 1427 1209 mo·

31 1291 35 1299 ·
146 1250 242 1312 menti
268 1267 337 1313 esse
360 1255 450 1332 puto:
473 1245 550 1312 n'am
574 1251 601 1312 si
626 1251 660 1312 in
683 1251 793 1314 liberis
819 1253 1003 1328 enuntiatis,
1029 1252 1133 1332 qualis
1157 1254 1197 1315 sit
1217 1255 1313 1330 actio,
1330 1253 1426 1316 facile

145 1357 352 1439 intellegitur,
377 1357 528 1437 quidest
558 1375 615 1422 cur
638 1360 671 1420 in
694 1358 910 1441 pendentibus
943 1361 1006 1422 hoc
1039 1359 1145 1421 minus
1180 1359 1304 1421 clarum
1330 1360 1427 1422 fuisse

143 1458 307 1545 putemus?
330 1481 389 1526 nos
412 1463 554 1544 quidem,
580 1483 653 1527 cum
678 1465 814 1528 dicimus
843 1467 1213 1548 ,ooamararpoaw
1229 1466 1425 1546 similiaque,

145 1587 310 1651 nunquam
327 1569 522 1647 dubitamus,
541 1573 643 1634 utrius
658 1574 781 1654 speciei
797 1573 840 1635 sit
854 1575 1001 1650 verbum3
1020 1574 1173 1655 temporis
1189 1579 1298 1634 autem
1314 1581 1424 1648 nexus,

143 1683 301 1760 utsupra
325 1677 459 1754 ostendi,
485 1679 519 1740 in
543 1679 663 1743 talibus
686 1679 753 1743 sere
777 1680 967 1762 neglegitur.

185 1783 312 1862 Restat,
337 1789 374 1847 ut
395 1786 485 1848 locos
508 1777 651 1849 afferam.
690 1784 765 1868 Qua
787 1789 821 1850 in
843 1807 878 1850 re
901 1787 1054 1849 materies
1078 1787 1112 1848 in
1136 1785 1215 1848 duas
1242 1791 1352 1867 partes
1376 1785 1424 1848 di-

144 1891 286 1955 videnda
309 1893 392 1954 mihi
413 1893 552 1970 videtur,
576 1911 712 1975 quarum
736 1895 770 1956 in
793 1893 898 1956 altera
921 1895 1117 1957 enumerabo
1149 1892 1357 1956 condiciones
1383 1893 1426 1956 ad

145 1997 284 2061 futurum
308 2000 517 2081 pertinentes,
541 2002 575 2062 in
598 2001 702 2064 altera
725 2020 789 2077 eas,
815 2019 899 2081 quae
923 2002 1087 2064 actionem
1109 2001 1239 2081 saepius
1251 2001 1425 2082 repetitam

144 2105 338 2188 significant,
364 2124 444 2186 quas
467 2108 637 2170 brevitatis
661 2125 761 2170 causa
787 2107 994 2190 ,generalem
1020 2107 1205 2188 appellabo.
1227 2108 1351 2170 Prioris
1369 2127 1425 2191 ge·

147 2213 226 2275 neris
249 2211 401 2296 exempla
436 2215 513 2277 item
536 2216 569 2276 in
594 2214 674 2278 duas
705 2219 815 2297 partes
850 2213 1047 2277 dividuntur:
1084 2214 1187 2276 altera
1223 2217 1426 2279 continentur

149 2337 301 2400 eaquae
324 2339 448 2384 meram
472 2322 696 2386 condicionem
720 2322 915 2403 significent,
950 2321 1149 2396 altera—ea,
1174 2340 1258 2403 quae
1281 2323 1425 2386 medium

151 2425 305 2503 quendam
340 2424 449 2489 locum
472 2434 582 2491 tenent
603 2429 688 2490 inter
711 2427 938 2490 condicionem
972 2432 1005 2490 et
1039 2427 1232 2490 indirectam
1262 2430 1425 2508 quaestio·

154 2547 222 2604 nem,
247 2551 448 2614 quamquam
473 2530 675 2598 Goodwinus
698 2536 748 2598 bis
770 2541 881 2597 monet
904 2533 934 2617 (ξ
956 2535 1022 2598 493
1047 2540 1080 2598 et
1103 2534 1193 2616 680),
1218 2553 1258 2596 ne
1275 2535 1347 2614 quis
1363 2553 1425 2616 pu·

151 2641 196 2714 tet,
219 2659 238 2702 a
266 2640 494 2704 coniunctione
519 2643 576 2707 ἐάν
599 2642 792 2706 indirectam
817 2643 1039 2722 quaestionem
1063 2659 1157 2722 posse
1182 2640 1266 2704 duci.

463 2972 488 3040 l.
517 2969 840 3044 CONDICIONES
868 2971 1101 3042 FUTURAE.

184 3147 225 3210 In
242 3146 375 3227 protasi
395 3147 622 3210 condicionum
647 3149 827 3212 futurarum
851 3148 1004 3212 coriatam
1030 3149 1231 3211 coniunctivi
1270 3148 1349 3228 (quo
1374 3167 1424 3210 re·

142 3253 207 3316 tero
232 3255 334 3318 etiam
358 3255 497 3316 incertas
520 3255 641 3318 formas
663 3258 830 3340 ἀποκτείνῃ
855 3255 917 3318 Αν.
951 3256 1046 3318 1012.
1084 3259 1114 3320 3.
1141 3258 1171 3332 7,
1204 3256 1335 3334 κρίνωσι
1358 3255 1422 3318 Αν.

145 3363 238 3438 1102,
265 3362 390 3440 κρίνητε
411 3361 474 3424 Αν.
503 3364 598 3439 1114,
635 3364 731 3440 κρίνω
767 3363 807 3426 R.
842 3365 937 3440 1415,
978 3363 1213 3444 ὑπεραποκρίνῃ
1245 3361 1305 3424 Th.
1347 3365 1422 3438 186,

141 3467 309 3550 ὑπεκκλίνῃ
333 3468 371 3529 Ε.
399 3469 476 3550 272)
504 3469 565 3532 152
590 3468 671 3532 locis
695 3471 876 3532 invenimus
901 3470 1051 3550 (quorum
1083 3470 1145 3530 146
1174 3472 1248 3532 sunt
1269 3472 1424 3550 propriae

140 3575 359 3652 condiciones,
387 3580 404 3637 6
431 3594 500 3650 eae,
526 3594 609 3656 quae
623 3575 665 3638 ad
685 3576 879 3638 indirectam
895 3576 1117 3657 quaestionem
1131 3573 1314 3657 accedunt),
1326 3595 1423 3656 prae·

137 3699 209 3745 scas
232 3683 312 3764 (quo
336 3682 440 3744 refero
464 3683 643 3764 perfectum
666 3684 785 3762 ἕστηκα
809 3685 841 3746 in
865 3683 927 3745 av.
955 3682 1423 3766 554)item1521001s(qu0-

139 3809 209 3852 rum
234 3791 297 3852 151
324 3797 395 3851 sunt
419 3790 547 3870 prioris,
577 3794 590 3850 1
619 3790 751 3852 alterius
774 3790 926 3872 generis),
945 3809 1102 3870 praesens
1119 3793 1147 3852 et
1164 3789 1304 3852 acrisios
1320 3793 1420 3852 una3

138 3895 219 3960 locis
244 3899 415 3960 invenitur.
441 3896 516 3960 Sine
541 3898 641 3960 verbo
666 3900 698 3959 in
735 3898 951 3960 locutionibus
989 3899 1046 3961 ἐὰν
1079 3898 1118 3974 μή
1155 3897 1272 3977 („nisi“
1290 3917 1422 3976 =„ex·

137 4009 271 4086 cept0“t
297 4013 329 4066 et
352 4007 408 4068 ἐὰν
432 4007 467 4068 δὲ
491 4003 532 4082 μή
558 4003 645 4085 („sin
669 4004 809 4086 minus“)
834 4011 854 4067 4
877 4004 959 4066 locis
982 4004 1111 4090 legitur.

554 4183 571 4248 Ι.
596 4182 755 4270 Propriae
785 4183 1006 4250 condiciones.

478 4325 717 4387 Praesens
753 4324 1076 4387 coniunctivi.

181 4469 215 4548 a)
240 4467 278 4529 Iu
299 4466 429 4547 epodosr'
452 4468 644 4548 plerumque
680 4468 772 4530 adest
806 4475 860 4528 aut
899 4466 1098 4548 intellegitur
1126 4464 1271 4544 ficturum
1304 4464 1418 4528 iad.-

135 4577 176 4638 87
203 4575 293 4636 locis:
318 4574 358 4637 A.
385 4575 458 4636 159.
485 4574 559 4637 317.
583 4574 657 4635 839.
684 4574 866 4637 soa-u.
894 4576 968 4635 271.
996 4574 1069 4636 288.
1095 4571 1201 4654 (366).
1227 4573 1418 4635 434.1019.
