3446 5396
715 441 718 456 '
828 447 1028 510 -13'6-2-

285 609 320 672 L.
349 612 420 674 178.
444 608 595 690 Reliquis
620 612 638 670 2
662 609 744 673 loeis
766 611 801 672 in
825 610 960 693 apodosi
994 615 1041 673 est
1058 627 1214 691 praesens
1245 609 1313 672 lod.
1349 613 1560 692 (quamquam

286 718 388 781 altero
414 717 487 779 loeo
513 717 631 799 oopula
655 717 742 800 apud
767 718 860 796 εἰκός,
884 722 921 780 ut
943 737 1048 800 saepe,
1075 718 1193 780 omissa
1217 718 1289 798 est),
1315 718 1405 779 ouius
1419 716 1505 778 aetio
1521 716 1561 778 si·

285 824 353 890 mul
376 824 573 888 infuturum
597 843 727 906 quoque
751 831 877 908 tempus
900 826 999 888 valet:
1024 825 1067 893 Ε.
1090 825 1164 890 395.
1188 823 1248 887 Th.
1276 825 1348 888 588.

436 1001 508 1064 Iam
530 1001 702 1066 afferamus
725 1005 812 1086 ipsos
835 1004 934 1068 looos.

331 1127 368 1190 Ε.
396 1128 458 1191 395
485 1127 553 1208 (tr.)
578 1125 616 1189 οὐ
641 1105 755 1206 δέδοιχ’
781 1127 870 1206 ὑμᾶς,
910 1126 971 1204 ἕως
996 1125 1035 1190 ἂν
1058 1131 1094 1208 ζῇ
1119 1127 1155 1190 τὸ
1181 1127 1407 1205 βουλευτήριον
1442 1125 1492 1188 καὶ
1526 1125 1562 1187 τὸ

285 1239 342 1298 rot
368 1234 470 1314 δήμου
494 1233 675 1311 πρόσωπον
699 1239 823 1318 μακκοᾷ
849 1253 932 1312 „non
956 1233 1053 1296 timeo
1079 1252 1137 1296 vos
1154 1233 1272 1317 (neque
1287 1231 1434 1314 timebo),
1451 1247 1562 1312 quam·

287 1339 344 1417 diu
366 1340 490 1404 vivet“.
516 1340 579 1401 846
606 1339 691 1422 (tetr.
716 1341 829 1424 iamb.)
852 1340 1032 1420 ἐμοί-ἐστ’
1055 1341 1263 1421 εἰργασμένον
1286 1343 1433 1434 τοιοῦτον
1457 1337 1561 1416 ἔργον,

286 1450 372 1513 ὥστε
387 1483 432 1494 —-
447 1447 523 1526 τοὺς
541 1483 583 1492 -
601 1447 735 1526 ἐχθροὺς
753 1483 788 1494 -
812 1448 1029 1528 ἐπιστομίζειν,
1055 1448 1118 1525 έως
1142 1447 1181 1511 ἂν
1198 1448 1216 1530 ᾗ
1233 1452 1297 1511 τῶν
1317 1446 1462 1512 ἀσπίδων
1479 1481 1522 1492 ..
1537 1467 1562 1510 τι

286 1555 409 1620 λοιπόν.
1361 1619 1367 1627 ,

331 1661 370 1725 V.
396 1663 460 1722 486
486 1660 574 1741 (lyr.)
602 1661 730 1725 οὐδέπω
755 1658 784 1736 γ’
808 1660 865 1744 (so.
892 1661 1203 1745 ἀπαλλαχθήσομαι),
1228 1659 1287 1742 οὐχ
1312 1661 1373 1740 ’έως
1398 1659 1483 1725 ἄντί
1503 1678 1561 1740 μου

287 1771 400 1836 λοιπὸν
423 1771 454 1852 ᾑ.
479 1769 614 1832 Inauem
638 1765 676 1832 d.
703 1768 883 1832 Hermanni
908 1771 1127 1833 coniecturam
1164 1769 1291 1835 οὐδέπω
1316 1788 1374 1852 pro
1400 1769 1563 1843 οὐδέποτε,

287 1873 375 1957 quod
399 1875 432 1936 in
457 1874 755 1952 oodieibus'exstet
781 1881 901 1938 temere
926 1896 945 1936 a
968 1875 1140 1938 Meinekeo
1160 1881 1335 1957 receptam,
1360 1879 1447 1936 reete
1471 1872 1562 1935 refel-

287 1984 325 2045 lit
348 1982 532 2044 itiohterus:
562 1981 710 2059 ,οὐδέπω
734 1982 763 2059 γ’
789 1981 826 2047 d.
851 1983 961 2046 Herm.
988 1982 1027 2046 de
1052 1984 1102 2044 oh.
1140 1982 1176 2042 V.
1208 2003 1239 2064 p.
1275 1985 1324 2057 16,
1350 1979 1563 2061 quodminus

288 2094 399 2173 aptum
424 2093 472 2151 est
496 2087 538 2152 ad
561 2109 593 2150 ν.
617 2090 756 2174 ἕως-ᾔ.
783 2087 945 2170 Ceterum,
979 2093 1015 2153 ut
1046 2109 1103 2173 pes
1130 2085 1207 2174 pedi
1229 2109 1290 2172 par
1314 2093 1396 2150 esset
1420 2083 1563 2167 syllabis,

287 2197 346 2259 tali
371 2195 502 2277 quidem
527 2197 653 2259 ratione
678 2217 741 2259 non
767 2199 895 2261 curavit
917 2198 1154 2280 Aristophanes
1163 2201 1187 2261 ²¹.

332 2324 367 2386 L.
396 2325 457 2386 173
484 2323 589 2407 (Lao.)
615 2325 673 2404 οὐχ
699 2323 756 2406 (se.
782 2325 909 2403 εἰρήνην
934 2325 1070 2405 ἄξουσι),
1105 2325 1143 2404 ἇς
1170 2326 1272 2402 πόδας
1308 2319 1334 2387 κ’
1372 2323 1483 2403 ἔχωντι
1502 2325 1566 2386 ’ταὶ

289 2432 425 2510 τριήριες
450 2433 500 2495 καὶ
524 2432 701 2510 τώργύριον
725 2431 900 2510 τῶβυσσον
923 2435 941 2516 d
967 2436 1031 2511 πὰρ
1055 2437 1092 2515 τᾷ
1117 2440 1187 2515 σιῷ.
1221 2432 1388 2496 Permulta
1411 2431 1465 2491 hio
1491 2447 1564 2492 oon·

288 2539 419 2602 ieoturis
445 2538 611 2614 debentur,
637 2544 672 2600 ut
695 2540 798 2616 πόδας
824 2538 914 2601 dedit
937 2539 1174 2602 Valokenarius
1190 2559 1248 2621 pro
1267 2543 1402 2616 σποδᾶς,
1419 2537 1446 2600 κ’
1466 2537 1566 2620 Berg-

287 2647 361 2708 kius
384 2664 443 2728 pro
468 2646 507 2724 γ’,
533 2645 621 2726 quod
634 2651 739 2710 exstat
761 2645 795 2708 in
818 2646 919 2709 Leid:
944 2667 1020 2709 nam
1043 2646 1127 2710 Rev.
1152 2647 1273 2734 nullam
1296 2645 1492 2728 particulam
1509 2647 1566 2708 ha-

286 2755 351 2830 bet3
377 2755 489 2834 ἔχωντι
513 2754 677 2816 Bentleius
701 2773 760 2835 pro
786 2754 898 2833 ἔχοντι,
923 2755 1058 2834 τριήριες
1081 2755 1225 2817 Koenius
1240 2774 1299 2836 pro
1317 2755 1469 2832 τριήρεες,
1487 2755 1566 2832 τώρ-

288 2862 398 2940 γύριον
422 2867 454 2925 et
477 2864 540 2940 πάρ
564 2863 710 2944 Engerus
733 2881 792 2943 pro
816 2862 987 2941 τάργύριον
1012 2867 1044 2924 et
1065 2863 1162 2939 παρά.
1198 2861 1247 2922 Ao
1283 2861 1321 2923 de
1357 2861 1472 2923 ceteris
1497 2863 1567 2943 qui-

289 2968 372 3044 dem,
398 2970 551 3049 quoniam
575 2969 657 3030 nihil
681 2969 760 3031 novi
782 2969 926 3050 proferre
949 2988 1091 3051 possum,
1115 2967 1308 3050 supersedeo
1334 2967 1452 3044 diaere;
1469 2966 1509 3030 de
1530 2967 1567 3044 ἃς

289 3074 315 3138 κ)
340 3075 450 3154 ἔχωντι
476 3071 697 3138 tantummodo
724 3093 886 3156 exponere
908 3071 1026 3155 placet.
1067 3071 1316 3137 Coniun‘otivum
1353 3073 1482 3154 quidem
1514 3092 1566 3138 ne·

289 3183 463 3245 oessaiium
488 3201 566 3257 esse,
590 3181 774 3262 proximum
798 3183 817 3263 ᾗ
844 3180 948 3256 docet,
970 3180 1030 3243 sed
1054 3180 1103 3257 κά,
1128 3181 1169 3242 ab
1194 3178 1232 3256 ἇς
1248 3180 1436 3256 seiunctum,
1453 3180 1565 3261 iniquo

288 3288 359 3350 loeo
383 3290 525 3370 positum
550 3294 607 3361 est,
633 3287 672 3349 de
699 3306 763 3368 qua
786 3307 822 3350 re
845 3288 920 3350 vide
944 3288 1027 3349 infra
1051 3290 1175 3368 ρ.142.
1201 3284 1322 3352 Contra
1345 3289 1380 3364 γέ
1404 3289 1566 3368 particula

287 3397 321 3456 in
346 3395 475 3470 talibus,
500 3396 556 3458 ubi
576 3394 732 3476 apodosis
763 3395 863 3458 habet
896 3395 999 3458 solam
1033 3393 1172 3477 negapdi
1206 3395 1412 3475 particulam,
1450 3395 1565 3460 omisso

288 3503 400 3578 verbe,
425 3504 459 3563 in
481 3503 673 3566 secundario
698 3503 862 3565 enuntiato
887 3504 953 3566 fere
976 3503 1160 3565 necessaria
1183 3507 1230 3564 est
1254 3522 1293 3566 ex
1316 3502 1373 3564 Ar.
1399 3509 1566 3565 eonsuetu-

289 3611 373 3673 dine:
400 3609 487 3689 quod
511 3611 561 3670 his
587 3613 628 3671 28
652 3610 733 3672 loeis
758 3611 975 3672 confirmatur:
1002 3609 1041 3671 Α.
1068 3612 1119 3672 60.
1148 3611 1220 3674 197.
1247 3610 1350 3691 (176).
1389 3611 1462 3670 296.
1493 3612 1566 3676 619.

290 3719 363 3779 966.
389 3718 427 3778 Ε.
453 3719 527 3779 961.
552 3717 592 3780 N.
620 3721 692 3780 108.
718 3719 757 3783 V.
784 3719 858 3781 299.
888 3722 981 3783 1256.
1007 3719 1044 3780 Ρ.
1072 3719 1145 3781 712.
1171 3721 1245 3781 828.
1281 3718 1343 3779 Αν.
1380 3721 1453 3781 440.
1493 3722 1566 3783 585.

288 3824 323 3887 L.
343 3827 416 3886 208.
436 3825 509 3885 900.
527 3823 587 3886 Th.
608 3828 636 3887 7.
652 3829 681 3890 8.
698 3827 770 3890 269.
784 3825 824 3888 a.
845 3828 896 3889 78.
916 3828 990 3889 845.
1011 3828 1106 3891 1281.
1123 3826 1180 3888 Ee.
1197 3828 1270 3890 668.
1286 3826 1359 3890 669.
1378 3827 1452 3892 856,
1472 3829 1566 3888 1078.

289 3932 339 3994 Pl.
365 3935 439 3994 221.
466 3932 540 3995 924.
564 3932 781 4014 Excipiuntur
804 3934 839 3994 hi
863 3937 987 3996 tantum
1013 3934 1085 4009 looi,
1111 3934 1136 3995 si
1161 3934 1242 3996 bene
1262 3933 1400 3996 memini:
1425 3932 1465 3996 N.
1493 3935 1565 3996 267.

289 4041 328 4102 V.
352 4041 428 4116 486,
452 4039 509 4101 ubi
534 4043 641 4101 tamen
665 4041 701 4116 γέ
726 4038 872 4102 additum
896 4047 944 4103 est
966 4040 1029 4122 ipsi
1045 4041 1226 4121 particulae
1247 4041 1421 4122 negativae
1445 4042 1478 4103 in
1502 4043 1567 4124 pri·

288 4150 394 4209 maria
419 4146 650 4224 enuntiatione,
675 4147 710 4209 P.
738 4148 812 4223 908,
836 4149 893 4211 ubi
919 4146 1070 4228 epodosis
1093 4151 1208 4228 postea
1230 4147 1371 4227 additur,
1407 4147 1466 4210 Ee.
1493 4149 1567 4223 390,

289 4258 378 4318 euius
406 4256 568 4336 scriptura
590 4273 655 4317 non
678 4257 756 4317 satis
781 4260 870 4319 certa
894 4261 950 4318 est.
977 4255 1128 4317 Fortasse
1152 4255 1251 4336 igitur
1274 4254 1479 4317 statuendum
1511 4262 1566 4331 est,

288 4363 501 4426 Doriensibus
524 4363 653 4424 licuisse
677 4363 711 4423 in
735 4361 909 4426 enuntiatis
933 4362 1224 4438 condicionalibua
1253 4363 1495 4444 temporalibus,
1519 4381 1568 4425 re·

289 4469 400 4530 lativis
423 4469 510 4532 nudo
537 4469 742 4532 ooniunotivo
768 4471 823 4533 uti.
839 4467 885 4535 Cf.
900 4471 984 4532 infra
995 4489 1026 4551 p.
1047 4471 1106 4531 142
1121 4469 1163 4532 ed
1174 4470 1209 4532 L.
1232 4473 1325 4548 1005,
1343 4469 1399 4534 ubi
1415 4469 1567 4554 itempro

289 4573 317 4654 χ’
343 4576 403 4657 (=
419 4579 482 4660 κά),
508 4575 595 4656 quod
618 4575 734 4639 volunt
757 4575 907 4655 editores,
932 4577 1007 4644 libri
1031 4578 1183 4644 exhibent
1207 4577 1235 4657 γ’
1274 4577 1334 4660 (=
1349 4572 1410 4664 γέ).
1439 4577 1567 4642 Mecum
