3468 5390
702 413 873 472 -79-·

149 573 214 634 δὼν
237 557 465 648 κάναπνεύσας
489 569 579 647 αὖθις
604 567 851 656 αίιιςατὲπτετο·
876 571 904 633 εἴ
927 589 960 633 τε
985 569 1142 650 μοιχεύων
1165 589 1212 647 τις
1235 569 1325 648 ὑμῶν
1342 569 1430 636 ἐστιν

148 677 239 754 ὅστις
262 677 419 756 τυγχάνει,
444 675 513 759 κᾷθ’
539 675 601 758 ὁρᾷ
623 672 681 740 τὸν
705 675 807 752 ἄνδρα
822 679 879 752 τῆς
895 677 1046 753 γυναικὸς
1063 675 1097 739 ἐν
1115 679 1315 758 βουλευτικῷ,
1333 671 1430 754 οὗτος

149 783 423 863 ὄιν-ἀνέπτετο,
448 783 515 848 είτα
540 783 675 863 βινήσας
700 781 822 847 ἐκεῖθεν
846 783 938 860 αὖθις
962 782 1001 846 αὐ
1026 785 1208 859 κατέπτετο,
1231 783 1289 847 ubi
1305 783 1347 846 ad
1362 801 1428 847 om-

146 892 203 957 ne'a
228 893 366 954 aoristos
391 899 423 953 et
443 884 671 974 imperfectum
694 897 767 952 cuin
792 889 831 952 άν
856 889 960 951 altera
983 891 1122 971 protasis
1146 904 1186 953 ex
1212 885 1430 953 antecedenti-

147 1005 207 1065 bus
230 997 441 1080 intellegitur:
466 997 492 1062 εἰ
516 997 555 1076 ἠν
580 993 773 1074 ὑπόπτερος.
797 995 913 1077 Neque
938 995 1033 1058 aliter
1055 997 1116 1058 nisi
1145 995 1307 1059 defuturo
1325 995 1431 1078 accipi

148 1115 256 1191 potest
281 1107 419 1169 aoristus
444 1125 517 1168 oum
541 1103 581 1168 ἄν
604 1103 639 1166 in
662 1100 725 1166 Ar:
753 1103 837 1165 1692
863 1103 957 1177 εὖγε
981 1103 1096 1180 μέντᾶν
1125 1105 1267 1179 διετέθην
1301 1104 1431 1182 (frustra

146 1211 348 1288 Meinekeus,
372 1209 597 1274 Hamakerum
621 1216 760 1285 secutus
778 1207 939 1287 διετίθην),
956 1210 1046 1272 ouius
1061 1210 1201 1292 protasis
1219 1209 1244 1272 εἰ
1261 1210 1328 1288 μεθ’
1340 1209 1432 1286 ὑμῶν

148 1325 190 1400 rio
214 1339 255 1384 ex
277 1317 474 1402 praegressis
498 1319 712 1401 intellegitur.
734 1307 863 1381 lubenti
887 1320 971 1380 enim
994 1315 1145 1399 Neptuno
1168 1335 1276 1379 secum
1303 1319 1336 1378 in
1359 1337 1433 1379 cae-

148 1429 214 1492 lum
243 1423 419 1490 ascendere
442 1425 599 1490 Hercules
622 1426 709 1489 male
733 1421 796 1489 sitii
821 1445 855 1488 se
879 1425 1099 1488 consulturum
1123 1423 1212 1499 dicit,
1237 1429 1264 1486 si
1281 1421 1432 1487 carnibus

148 1535 271 1599 relictis
296 1555 369 1597 eum
392 1531 433 1596 iis
456 1533 691 1615 proficiscatur.
715 1529 788 1595 Huc
824 1533 959 1595 sortasse
994 1531 1179 1594 referendus
1215 1537 1262 1594 est
1295 1531 1432 1593 eoristus

148 1653 179 1706 et
201 1641 429 1723 imperfectum
452 1641 487 1702 in
509 1641 634 1722 protasi
658 1645 691 1702 et
714 1639 851 1720 aperlosi
875 1639 939 1701 loci
964 1637 1066 1720 lepidi
1089 1639 1130 1700 V.
1160 1641 1254 1715 1431,
1281 1639 1339 1702 ubi
1362 1659 1432 1704 mu·

147 1750 208 1812 lier
231 1747 393 1829 Sybaritis
417 1747 533 1809 echino
557 1733 670 1822 fracto,
696 1748 752 1828 qui
777 1765 849 1808 eam
885 1748 918 1807 in
954 1747 1005 1808 ius
1039 1747 1191 1823 vocabat,
1225 1747 1307 1810 haee
1344 1743 1431 1810 dicit:

148 1857 290 1933 εἰ,-τήν
315 1855 489 1932 μαρτυρίαν
511 1854 630 1930 ταύτην
654 1839 766 1930 ἐάσας,
793 1853 827 1917 ἓν
850 1855 935 1928 τάχει
959 1855 1132 1931 ἐπίδεσμον
1155 1853 1263 1931 ἐπρίω,
1288 1853 1367 1919 νοῦν
1391 1855 1430 1916 ἂν

149 1961 231 2042 είχες
256 1962 398 2036 πλείονα,
423 1959 477 2020 cui
500 1959 571 2021 loco
594 1945 779 2020 'simillimus
805 1959 852 2021 est
876 1960 967 2036 alter,
993 1960 1141 2042 optativo
1158 1956 1327 2038 α1ιι1μα,1ί.
1347 1961 1431 2022 1404

150 2064 314 2132 εἰ-άντί
337 2069 396 2142 τῆς
420 2067 519 2142 κακῆς
542 2067 684 2142 γλώττης
707 2068 809 2130 ποθὲν
831 2067 955 2143 πυροὺς
978 2067 1097 2144 πρίαιο,
1122 2071 1309 2146 σωφρονεῖν
1326 2065 1372 2130 ἄν’
1382 2087 1433 2144 μοι

151 2178 266 2250 δοκεῖς.
292 2169 426 2253 Opponi
449 2172 591 2235 videtur:
620 2193 703 2250 ⁷‚nou
726 2179 835 2235 tamen
859 2186 946 2236 emes
969 2191 1074 2255 neque
1098 2173 1198 2255 igitur
1220 2180 1360 2254 mentem
1374 2175 1432 2236 hu-

154 2279 259 2344 bebis“
289 2277 431 2360 (cl'Av.
461 2279 577 2358 1371),

193 2385 284 2450 Haec
310 2381 420 2448 omuia
456 2385 499 2448 ad
527 2389 867 2467 lirturum'pertinere
904 2388 1055 2469 opposita
1091 2385 1217 2451 docent.
1253 2385 1364 2450 Veluti
1401 2391 1433 2450 in

161 2495 212 2557 Ec.
235 2489 301 2557 131
323 2493 412 2556 haud
437 2493 534 2557 dubie
558 2495 743 2576 opponitur:
772 2515 857 2571 „non
881 2501 989 2558 tamen
1011 2515 1047 2558 re
1071 2515 1150 2558 vera
1174 2497 1256 2559 haec
1280 2493 1366 2559 dices
1379 2515 1433 2558 ne-

159 2619 214 2682 que
232 2601 312 2665 ideo
337 2603 419 2664 haec
443 2601 555 2683 lepida
577 2603 677 2664 nobis·
699 2599 831 2665 faciest
1300 2602 1303 2615 '

193 2707 323 2771 Similes
347 2707 437 2771 locos
460 2707 550 2771 haud
572 2729 695 2790 paucos
719 2730 759 2773 ex
783 2711 915 2792 tragicis
938 2710 1070 2792 collegit
1105 2712 1146 2773 A.
1171 2711 1335 2775 Winterus
1369 2711 1432 2784 (De

152 2815 320 2879 modorum
344 2823 405 2879 etc.
429 2833 462 2902 p.
489 2817 555 2894 16),
581 2834 780 2897 quamquem
805 2816 844 2879 de
868 2817 977 2878 multis
1001 2815 1082 2880 locis
1106 2817 1237 2881 difficile
1261 2837 1329 2882 esse
1355 2817 1431 2880 dicit

153 2925 230 2986 certi
257 2922 437 3003 quidquam
462 2929 613 2987 statuere:
639 2923 758 2987 Aesch.
784 2922 909 3004 (Dind.)
934 2923 1048 3005 Suppli
1073 2925 1147 2987 288.
1180 2925 1279 3007 Soph.
1305 2921 1432 3006 (Dicat

151 3031 224 3093 Aut.
252 3029 327 3092 755.
364 3025 448 3094 O.R.
484 3031 577 3094 loa·
599 3031 683 3092 1386
720 3031 771 3113 (i).
808 3029 888 3097 OB.
918 3033 992 3093 9051.
1030 3033 1125 3096 1348.
1162 3031 1238 3095 Eur.
1276 3028 1432 3114 (Nauck.)

150 3137 223 3201 Alc.
251 3140 326 3200 357.
354 3139 426 3200 737.
451 3137 540 3200 Modss
568 3137 789 3220 1351.·Hipp.
817 3139 912 3202 1022.
941 3141 1036 3202 1042.
1060 3137 1100 3201 Η.
1118 3137 1155 3201 F.
1174 3142 1248 3202 232.
1266 3141 1341 3202 436.
1360 3141 1433 3202 655.

152 3244 224 3308 Hel.
252 3245 304 3306 75.
333 3245 428 3306 1622.
452 3245 576 3307 Phoen.
594 3246 700 3309 1561.
727 3247 754 3308 1.
777 3247 819 3310 A.
843 3247 939 3308 1211.
963 3245 1036 3308 Huc
1061 3245 1146 3309 addo
1172 3240 1325 3310 aoristum
1362 3265 1434 3309 cum

151 3349 189 3414 ἄν
213 3369 254 3414 ex
277 3349 376 3431 Soph.
404 3347 444 3413 Ο.
468 3349 509 3412 R.
539 3353 621 3414 1372
649 3351 702 3434 (ἂν
725 3354 918 3435 προσεῖδον)
945 3359 975 3414 et
999 3354 1089 3434 impf.
1115 3371 1188 3415 cum
1216 3354 1255 3417 ἄν
1291 3373 1331 3416 ex
1354 3353 1432 3416 Eur.

149 3456 222 3519 Alc.
249 3457 312 3519 296
335 3455 390 3538 (ἂν
414 3457 521 3532 ἔζων).
558 3443 684 3520 Beuum
720 3459 877 3521 eiusmodi
913 3460 1095 3540 exemplum
1134 3459 1221 3542 apud
1254 3444 1445 3524 Lucienunr³

153 3581 283 3644 quoque
306 3561 377 3625 vidi
402 3563 504 3643 (Dial.
529 3563 692 3628 Meretric.
719 3568 749 3642 2,
774 3571 793 3627 4
820 3565 965 3648 adsim),
1002 3568 1059 3629 ubi
1093 3567 1247 3648 Myrtium
1282 3571 1434 3631 meretrix

150 3669 325 3751 Pamphilo
351 3669 487 3732 amatori
512 3691 582 3747 suo,
608 3689 704 3752 quem
741 3673 876 3735 timebat
911 3693 952 3735 ne
988 3672 1087 3735 aliam
1124 3673 1255 3737 duceret
1290 3693 1432 3740 uxorem.

151 3783 323 3856 postquam
346 3775 464 3837 frustra
487 3794 521 3838 se
546 3778 691 3840 timuisse
716 3798 755 3841 ex
779 3777 834 3840 illo
861 3780 1025 3861 cognovit,
1041 3781 1123 3843 haec
1141 3779 1229 3847 dicit:
1245 3778 1433 3860 ἀπέσωσας,

153 3879 179 3942 ὦ
202 3881 362 3959 Πάμφιλε
388 3883 574 3960 ἀπηγξάμην
596 3887 658 3960 γάρ
680 3883 729 3966 ἄν,
756 3885 784 3947 εἴ
807 3903 834 3947 τι
857 3889 985 3949 τοιοῦτο
1010 3887 1147 3963 ἐγένετο.
1171 3889 1187 3926 *

204 4059 337 4122 'Latius
357 4075 470 4126 quoque
488 4058 690 4126 imperfectum
709 4062 783 4116 coni.
811 4061 840 4116 iu
875 4061 980 4120 talibus
1013 4063 1046 4117 de
1074 4081 1106 4120 re
1138 4067 1235 4120 lutura
1262 4065 1317 4120 uici
1349 4081 1433 4136 posse

154 4158 252 4204 auctor
272 4157 316 4204 est
335 4147 505 4207 Riemanuus
525 4149 615 4218 (Syna.
635 4149 698 4206 Lat.
719 4152 733 4220 ᾖ
754 4154 815 4220 207,
834 4169 861 4206 υ.
881 4157 918 4220 1),
951 4155 998 4222 qui
1026 4154 1099 4210 haec
1128 4155 1212 4208 affert
1248 4154 1331 4210 istius
1367 4172 1433 4212 usus

154 4237 468 4304 exam1rlaz'lac,A11n.
492 4241 531 4306 12,
551 4240 585 4290 31
613 4241 802 4307 „supplicium
822 4240 878 4294 mei
898 4241 1005 4296 oblivio
1032 4257 1200 4310 sequeretur
1221 4251 1432 4312 g---sequaturr‘⁴

154 4331 181 4378 et
200 4325 257 4379 Cic.
276 4325 358 4379 Tusc.
385 4331 408 4394 1,
427 4330 471 4394 41,
491 4329 525 4380 38
547 4335 667 4395 „quauta
690 4329 881 4383 delectatione
901 4342 994 4386 autem
1010 4331 1148 4400 afficerer,
1165 4349 1226 4386 cum
1242 4333 1433 4392 Palamedem.

154 4429 215 4466 cum
235 4415 360 4478 Aiacem,
381 4427 444 4466 cum
463 4413 536 4469 alios
555 4415 661 4470 iurlicio
682 4417 778 4485 iniquo
801 4420 1006 4475 circumventos
1033 4424 1237 4490 convenirem‘ss
1251 4423 1325 4490 quod
1340 4439 1356 4478 a
1371 4421 1434 4478 Pla·

152 4511 216 4556 toue
235 4504 335 4558 Cicero
354 4504 504 4558 convertit:
525 4505 609 4572 Apol.
628 4507 660 4560 41
683 4512 707 4558 Α
737 4507 757 4560 B
789 4511 1068 4574 ἔμοιγε-θαυμαστη
1103 4513 1137 4562 ἂν
1168 4513 1229 4578 εἴη
1262 4515 1279 4579 ἡ
1304 4515 1430 4578 διατριβη

155 4593 259 4662 αὐτόθι,
278 4592 365 4644 ὁπότε
385 4593 598 4659 ἐντύχοιμι
617 4595 782 4660 Παλαμήδει
801 4600 845 4650 καί
868 4599 963 4652 Αἴαντι
991 4611 1045 4656 etc.
