3468 5390
722 386 898 448 ..53-

167 545 326 609 Ahrensio
350 547 530 628 repositum¹
552 551 611 626 est,
634 544 715 625 ὄρος
738 547 770 610 αἰ
792 565 852 628 pro
877 545 944 629 ύπη
960 566 981 609 a
996 545 1169 610 Meinekeo
1185 545 1297 629 (Vind.
1309 565 1342 629 p.
1362 547 1449 627 120).

167 649 262 732 Quod
286 652 384 716 valde
407 657 591 734 suspectum
615 655 672 716 est.
695 651 781 716 Nam
805 658 1033 735 praeterquam
1059 654 1148 734 quod
1172 673 1191 716 a
1216 653 1364 718 codicum
1387 653 1452 715 lec·

166 762 252 824 tione
274 761 402 844 longius
437 763 539 840 abest,
574 767 785 845 anapaestum
809 764 941 845 insuper
964 763 1066 826 eflicit
1088 763 1300 840 rarissimum,
1332 781 1372 826 ne
1403 761 1449 826 di·

165 887 237 932 cam
272 870 523 934 intolerabilem.
559 869 646 934 Nem
680 891 753 934 oum
790 872 921 935 omnino
957 871 1139 952 hisyllahae
1175 891 1286 934 omnes
1319 877 1451 953 praeter

164 979 434 1061 praepositiones,
462 980 524 1042 nisi
550 980 716 1062 excipiunt
752 979 897 1060 aliquam
932 980 1237 1062 interpunctionem,
1273 981 1307 1041 in
1341 978 1449 1042 medio

165 1105 260 1148 versu
284 1093 498 1170 anapaestum
521 1105 655 1171 perraro
680 1086 851 1150 ordiuntur
874 1087 1081 1169 (Bernhardi.
1105 1106 1138 1169 p.
1157 1088 1247 1170 281),
1265 1093 1335 1150 tum
1351 1088 1449 1150 inter·

164 1195 297 1275 punctio
333 1195 417 1258 inter
440 1195 556 1258 thesim
581 1199 614 1257 et
637 1195 747 1272 emim,
771 1195 835 1257 nisi
858 1195 939 1258 forte
962 1196 996 1258 in
1019 1215 1083 1258 uno
1108 1201 1141 1258 et
1164 1195 1267 1258 altero
1289 1195 1450 1277 exemplo,

165 1307 301 1385 excepto
324 1304 432 1386 primo
455 1303 549 1385 pede,
574 1303 651 1364 l'erri
673 1319 739 1364 non
761 1307 870 1384 potest
893 1301 1099 1385 (Bernhardi.
1123 1321 1155 1384 p.
1180 1304 1255 1380 282,
1278 1304 1334 1384 qui
1350 1303 1449 1366 etiam

165 1410 377 1490 paucissimos
400 1410 499 1487 locos,
523 1409 601 1472 huic
624 1408 690 1492 legi
723 1409 944 1487 adversantes,
978 1409 1195 1474 emendandos
1231 1410 1364 1493 censet).
1399 1409 1449 1472 De

165 1516 315 1580 codicum
338 1518 499 1599 scriptura
521 1515 621 1580 Mein.
649 1517 732 1580 haec
767 1516 857 1580 dicit:
894 1515 1046 1595 „Certum
1080 1523 1130 1580 est
1163 1517 1228 1602 ὅπᾳ
1263 1521 1449 1599 corruptum

164 1643 243 1688 csse.
267 1624 439 1688 Dohraeus
464 1624 545 1688 ὅσεν
568 1624 622 1686 vel
646 1621 769 1688 ὁπόσεν
793 1626 951 1688 tentabat.
976 1624 1144 1688 Sententia
1166 1624 1350 1688 sineduhio
1367 1625 1448 1686 haec

165 1739 222 1808 est,
244 1753 280 1795 se
303 1733 357 1796 vel
381 1733 520 1815 Taygeti
543 1750 700 1795 cacumen
724 1731 923 1796 adscendere
946 1731 1043 1808 velle,
1059 1733 1086 1795 si
1100 1733 1164 1796 hoc
1180 1732 1256 1796 inde
1272 1750 1450 1812 consequa-

165 1845 225 1916 tur,
249 1845 287 1904 ut
308 1858 425 1921 pacem
449 1839 570 1916 videat,
595 1839 649 1902 vel
673 1839 784 1902 visura
807 1841 882 1902 sit“.
906 1839 989 1902 Mihi
1012 1839 1090 1919 quid
1118 1839 1243 1903 dehoc
1268 1841 1340 1903 loco
1365 1839 1449 1902 indi-

165 1945 301 2010 candum
328 1948 380 2024 sit,
403 1948 545 2010 incertus
568 1948 689 2008 haereo
714 1947 755 2009 oh
780 1965 857 2008 eam
880 1946 1023 2008 maxime
1048 1965 1191 2024 causam,
1226 1947 1314 2027 quod
1348 1946 1450 2010 Laco·

164 2053 237 2114 nica
261 2051 420 2114 dialectus
444 2058 500 2128 est,
526 2053 618 2114 cuius
642 2052 805 2132 syntaxim
828 2052 1006 2137 verisimile
1031 2061 1079 2114 est
1102 2054 1143 2118 ab
1168 2053 1280 2115 Attica
1303 2053 1447 2116 nonnihil

167 2157 374 2240 discrepasse.
400 2158 511 2220 Attice
535 2162 642 2219 arrtenr
668 2159 749 2220 haee
774 2158 862 2220 haud
886 2161 953 2220 scio
978 2178 1019 2219 an
1042 2177 1173 2240 prorsus
1196 2179 1289 2222 sensu
1307 2156 1464 2224 careant*

169 2265 291 2329 Eadem
317 2265 357 2328 de
382 2285 481 2328 causa
504 2265 650 2328 Dobraei
674 2265 754 2330 ὅσεν
778 2265 829 2328 vel
853 2265 977 2330 ὁπόσεν
1008 2265 1226 2328 damnandum
1256 2271 1313 2328 est.
1349 2267 1450 2348 Equi-

173 2372 237 2436 dem
262 2375 364 2456 igilur
385 2374 583 2456 putaverim,
607 2373 769 2446 Laconiee
792 2373 934 2454 dachic
961 2375 1007 2451 „si
1032 2374 1097 2436 ibi“
1124 2373 1178 2436 vel
1197 2379 1252 2451 „ut
1267 2375 1332 2437 ibi“
1352 2376 1451 2457 signi-

176 2479 264 2544 heare
287 2482 443 2564 potuisse.
1232 2484 1235 2491 '

215 2590 273 2654 146
299 2585 736 2667 εί-ἀπεχοίμεθα,-γε’νοιτ’
777 2587 817 2650 ἂν
851 2585 970 2664 εἰρήνη;
1005 2589 1088 2650 1132
1112 2587 1241 2664 πόσους
1265 2588 1383 2667 εἴποιμ’
1407 2589 1448 2651 ἂν

171 2693 297 2772 ἄλλους,
322 2696 352 2759 εί
375 2715 412 2774 με
436 2695 585 2774 μηκύνειν
608 2695 686 2771 δέοι;

208 2802 270 2864 Th.
302 2803 369 2863 440
401 2802 491 2884 (lyr.)
527 2802 606 2867 ὥστ’
638 2802 689 2877 ἄν,
719 2801 747 2863 εἰ
776 2801 864 2875 λέγοι
887 2799 951 2878 μετ’
977 2801 1077 2878 αὐτὴν
1100 2799 1450 2880 Ξενοκλέης,-δοκεῑν

168 2909 206 2972 ἂν
228 2911 474 2986 αὺτὸν-μηδὲν
497 2911 609 2983 λέγειν.
635 2909 695 2970 681
725 2907 813 2988 (lyr.)
838 2907 948 2970 αὐτῶν
972 2906 1052 2970 ὅταν
1075 2912 1182 2988 ληφθῇ
1207 2907 1336 2984 τις,-εἰ
1352 2911 1441 2991 hortun

167 3017 286 3093 ιίπως
311 3015 359 3098 (11.
384 3016 462 3079 εἴτι
485 3013 601 3098 δρῴη),
636 3019 735 3078 πᾶσιν
766 3014 913 3091 ἐμφανὴς
937 3011 1018 3089 ὁρᾶν
1041 3014 1142 3091 ἔσται,
1167 3012 1208 3076 de
1232 3033 1297 3093 quc
1322 3015 1448 3076 incerto

168 3121 237 3185 loco
261 3121 456 3204 supersedeo
481 3121 599 3185 dicere.
640 3123 702 3184 773
735 3122 763 3185 τί
786 3118 815 3184 δ’
840 3119 891 3196 ἄν,
927 3120 1447 3198 εἰ-τάγὰλματα-διαμρίπτοιμι;

172 3232 250 3292 1221
279 3229 323 3292 ἔτ’
348 3229 388 3292 ἂν
412 3229 615 3307 καταλάβοις,
647 3228 673 3291 εἰ
697 3228 834 3304 διώκοις.

209 3337 249 3399 n.
273 3337 337 3400 533
361 3336 583 3414 ἴσως-ἐμοῦ
597 3334 743 3412 δεηθείης
756 3333 804 3409 ἄν,
818 3335 844 3398 εἰ
861 3335 938 3410 θεὸς
951 3334 1047 3397 θέλοι.
1059 3335 1122 3397 585
1138 3335 1167 3399 εί
1182 3356 1221 3411 με
1232 3336 1372 3414 τύπτοις,
1385 3337 1446 3400 ούκ

168 3443 205 3510 ἂν
227 3444 403 3522 ἀντείποιμί
425 3459 489 3508 σοι.
517 3443 692 3504 1437-40
716 3442 820 3519 ξύμ·
838 3441 867 3504 εἴ
884 3461 929 3517 τις
951 3441 1122 3518 πτερώσας
1146 3442 1336 3519 Κλεόκριτον
1357 3444 1447 3521 Κινη-

168 3551 221 3634 σίᾳ
256 3552 377 3629 αἴροιεν
414 3550 508 3629 αὖραι
542 3549 695 3625 πελαγίαν
718 3549 799 3626 ὑπὲρ
810 3548 927 3612 πλάκα.
950 3547 1068 3610 Διο.·
1093 3549 1219 3622 γέλοιον
1233 3548 1274 3613 ἂν
1285 3551 1445 3628 φαίνοιτο.

169 3657 220 3722 eo
234 3677 275 3736 ρ.·
300 3658 325 3721 εἰ
348 3661 552 3737 ναυμαχοῖεν,
578 3656 657 3740 κᾷτα
682 3656 831 3736 ῥαίνοιενι
857 3655 897 3720 de
920 3656 971 3718 his
994 3655 1151 3730 versibus,
1176 3674 1257 3736 quos
1282 3657 1346 3720 iam
1373 3657 1445 3720 Ari-

170 3767 317 3831 starchus
341 3777 373 3830 et
396 3765 592 3847 Apollonius
615 3782 675 3845 pro
700 3765 818 3846 spuriis
841 3764 1038 3840 hahuerunt,
1060 3761 1137 3826 vide
1161 3763 1298 3826 Vahlen.
1322 3783 1354 3847 p.
1380 3767 1411 3827 8.

209 3871 268 3934 Eo.
295 3871 359 3932 194
382 3868 728 3950 χαρίεντα-πάθοιμ’
753 3870 803 3946 ἄν,
828 3871 918 3948 εἰμὴ
944 3866 1035 3949 ’χοιμ’
1060 3869 1108 3952 (11.
1132 3868 1257 3950 μήχοιμ1
1284 3872 1441 3952 aliaque).

170 3977 245 4044 ὅποι
268 3981 367 4044 ταῦτα
392 3979 561 4056 καταθείην
585 3978 632 4062 (ll.
658 3979 857 4056 καταθείμην,
883 3978 922 4040 cf.
948 3979 1011 4042 796
1036 3985 1068 4041 et
1092 3980 1181 4055 871).

211 4086 260 4150 Pl.
288 4087 351 4150 136
385 4086 513 4150 παύσει’
538 4085 587 4160 ἄν,
624 4087 649 4150 εἰ
674 4086 831 4166 βούλοιτο,
859 4084 948 4150 ταῦθ’
974 4085 1072 4170 (Πλ.·
1108 4085 1176 4164 ὁτιὴ
1200 4087 1228 4150 τί
1250 4087 1326 4169 δίης).
1352 4085 1442 4150 Libri

170 4197 306 4258 variam:
330 4193 362 4256 R
385 4195 554 4270 παύσειαν,
578 4194 604 4256 εἰ
629 4199 668 4276 8,,
694 4197 803 4259 ταῦτα.
827 4192 858 4252 V
881 4198 915 4256 et
935 4193 966 4256 A
989 4193 1154 4270 παύσειεν,
1175 4193 1201 4258 εἰ
1226 4199 1266 4274 β,
1291 4192 1377 4260 ταῦτ’
1394 4197 1444 4260 dv.

171 4300 200 4364 U
233 4303 396 4380 παύσειεν,
432 4302 457 4365 εἰ
495 4306 534 4380 β,
559 4304 667 4366 ταῦτα.
699 4300 736 4364 ln
761 4301 848 4364 Pluti
873 4321 1028 4384 responso
1053 4321 1162 4364 omnes
1187 4304 1444 4366 consentiuntur

172 4409 266 4474 ὅτιτί
290 4413 341 4486 δή,
366 4411 427 4472 nisi
451 4408 540 4488 qnod
563 4408 591 4468 V
617 4415 730 4492 aperto
755 4409 872 4472 mendo
899 4409 947 4473 ὅτι
971 4411 1021 4487 δή.
1049 4409 1216 4487 Volscum,
1241 4419 1276 4474 ut
1292 4411 1359 4487 alii,
1376 4431 1445 4474 ma-

173 4511 200 4576 le
222 4515 382 4579 Dindorfii
419 4517 637 4578 coniecturam
671 4517 806 4598 recepit;
831 4535 928 4596 quarn
954 4518 1019 4578 iam
1045 4525 1118 4580 ante
1140 4537 1192 4580 me
1217 4520 1336 4601 optime
1361 4521 1444 4582 νεία-
