3446 5396
667 469 864 530 -153-

174 631 207 714 2)
231 630 438 713 imperfecto,
463 630 594 707 aorisia,
618 629 936 714 plusquamperfecto
971 649 1023 694 res
1056 609 1268 722 praeteritae,
1286 625 1405 707 signifi-

130 743 252 804 cantur:
277 757 413 822 querum
438 737 576 802 aoristus
599 737 839 802 nou-diutinam
864 738 1026 804 actionem
1051 737 1215 820 exprimit,
1237 734 1407 817 imperiec-

131 851 197 908 tum
221 851 253 910 et
274 843 835 929 plusquamperfectum-diutinam
860 845 1019 910 actionem
1043 843 1098 906 vel
1121 847 1250 908 etatum.
1285 839 1352 906 Res
1375 839 1408 906 in

128 954 305 1038 praeterito
329 953 458 1036 saepius
480 953 639 1036 repetitae
663 952 810 1033 optativo
836 951 943 1016 efferri
966 951 1079 1016 solent

174 1059 208 1142 3)
232 1057 297 1124 Sed
319 1059 502 1141 imperfecti
526 1063 559 1122 et
580 1057 891 1144 plusquamperleati
915 1077 955 1124 ea
977 1059 1061 1124 ratio
1086 1061 1143 1134 est,
1179 1061 1215 1122 ut
1245 1055 1407 1120 actionem

131 1167 183 1230 vel
206 1170 327 1233 statum
347 1167 504 1248 primario
526 1171 835 1250 contemporaneum
858 1167 1026 1234 enuntiare
1048 1167 1183 1243 soleant,
1209 1185 1282 1228 cum
1322 1163 1408 1227 aori·

130 1272 487 1357 stus-praecedentem
500 1275 669 1357 significet
685 1275 777 1340 Haeo
794 1280 842 1340 est
854 1295 962 1353 causa,
975 1274 1063 1358 quod
1073 1274 1309 1360 particularum
1322 1273 1408 1338 aliae

132 1384 260 1466 saepius
284 1382 414 1460 aoristo,
439 1381 526 1446 aliae
548 1381 740 1464 imperfecto
764 1384 952 1466 iunguntur.

172 1489 260 1556 Hinc
285 1489 324 1554 de
348 1489 580 1574 significatione
604 1508 717 1554 earum
741 1490 882 1556 iudicari
904 1495 1020 1573 potest:
1044 1509 1120 1554 nem
1144 1487 1199 1553 ὅτε
1224 1492 1257 1552 et
1278 1484 1408 1564 ἡνίκα*

131 1597 259 1680 saepius
283 1597 406 1662 actioni
430 1601 724 1682 contemporaneos
747 1597 976 1680 exprimendae
1000 1597 1187 1673 inserviunt,
1217 1599 1329 1658 contra
1352 1593 1408 1671 ὡς,

133 1705 208 1782 ἐπεί,
233 1703 326 1782 ὅπως
350 1703 417 1768 fere
439 1703 691 1787 praecedentem
725 1695 945 1784 introducunt,
981 1704 1088 1782 ἐπειδή
1122 1702 1266 1768 medium
1299 1700 1409 1764 locum

133 1819 239 1878 tenere
263 1811 401 1889 uidetur,
426 1817 462 1876 ut
484 1811 527 1876 ad
550 1816 722 1893 utrumque
747 1831 847 1894 genus
868 1812 1040 1895 pertineat.
1066 1808 1282 1893 Quinetiam,
1307 1807 1409 1891 parti·

134 1921 224 1984 crilae
249 1921 342 1998 ἡνίκα
365 1939 493 2004 semper
517 1919 661 2004 (praeter
685 1919 724 1982 V.
752 1921 851 2004 1235)
877 1925 911 1986 et
934 1921 987 1986 ὅτε
1011 1923 1031 1983 8
1060 1917 1177 1985 s'altem
1198 1919 1280 1983 locis
1304 1938 1343 1982 ex
1369 1919 1409 1980 16

133 2029 183 2108 (Α.
211 2031 262 2092 16.
286 2026 327 2091 N.
354 2029 407 2091 23.
431 2027 471 2090 V.
501 2030 594 2091 1029.
622 2030 718 2091 1124.
746 2030 841 2093 1201.
869 2032 964 2093 1206.
988 2030 1026 2093 Ρ.
1052 2031 1126 2094 701.
1150 2029 1204 2093 Fr.
1231 2027 1319 2112 324),
1352 2027 1409 2090 ubi

135 2138 250 2202 aoristo
274 2137 406 2198 iunctae
430 2139 511 2213 sunt,
535 2147 600 2200 non
622 2135 871 2219 praecedentem
896 2138 1056 2200 actionem
1080 2135 1298 2214 introducunt,
1323 2141 1410 2200 certe

137 2267 195 2308 non
218 2245 329 2320 talem,
354 2243 484 2325 qualem
508 2243 564 2322 ὡς,
589 2245 667 2322 ἐπεί,
693 2245 786 2323 ὅπως
802 2251 858 2308 aut
873 2245 1025 2308 Latinum
1042 2265 1111 2308 rora
1127 2243 1327 2324 historicum,
1343 2243 1409 2322 sed,

142 2357 173 2414 nt
190 2351 340 2415 latinum
363 2371 433 2414 cram
458 2353 648 2434 temporale,
672 2353 707 2417 id
732 2357 856 2417 tantum
881 2353 1059 2436 designant,
1096 2354 1255 2418 actionem
1282 2351 1409 2415 non-di-

144 2461 254 2523 utinam
279 2459 394 2523 eodem
418 2465 563 2542 tempore
586 2461 705 2524 factam
730 2482 807 2540 esse,
833 2479 897 2546 quo
922 2461 1032 2538 aliam,
1067 2460 1155 2524 nullo
1178 2460 1302 2523 causali
1324 2480 1409 2523 nexu

140 2568 361 2633 mtercedente.
386 2567 497 2631 Veluti
519 2568 561 2632 N.
586 2572 628 2634 23
651 2571 680 2633 τί
704 2569 897 2650 ἐχρησάμην;
924 2565 972 2632 ὅτ’
989 2571 1144 2648 ἐπριάμην
1159 2569 1216 2632 τὸν
1233 2568 1410 2632 κοππατίαν

136 2675 244 2740 Latine
272 2695 365 2754 ,cunr
389 2677 471 2740 emi“
498 2677 690 2741 vertendum
714 2683 770 2755 est,
796 2678 883 2758 quod
906 2681 1022 2740 neutra
1052 2677 1135 2740 actio
1161 2675 1297 2739 alteram
1321 2680 1410 2739 ante-

134 2785 227 2850 cedit.
252 2785 312 2848 Est
334 2790 453 2862 tamen,
479 2787 535 2848 ubi
560 2785 615 2850 ὅτε
640 2805 713 2848 cnm
737 2787 858 2850 aoristo
882 2785 970 2849 idem
995 2784 1082 2867 quod
1105 2785 1218 2848 Latine
1243 2802 1312 2846 carro
1337 2802 1409 2847 cum

133 2893 220 2977 plqp.
247 2894 329 2956 coni.
354 2893 474 2971 valeat,
499 2898 535 2956 ut
556 2893 595 2957 Ε.
617 2897 690 2960 632.
716 2897 791 2961 638.
815 2893 856 2960 R.
882 2895 955 2959 771.

176 3002 298 3066 Contra
322 3005 377 3079 ὡς,
402 3003 490 3082 quod
513 3023 612 3066 unuin
636 3004 676 3068 de
699 3003 763 3067 illis
788 3004 888 3069 tribus
920 3004 1108 3086 imperfecto
1144 3001 1243 3066 semel
1279 2999 1410 3082 quidem

133 3113 276 3175 inmotum
301 3116 358 3187 est,
384 3111 483 3172 etiam
507 3111 569 3173 hoo
594 3111 666 3175 loco
691 3112 740 3174 Pl.
767 3114 831 3177 688
856 3113 1018 3176 actionem
1052 3131 1116 3174 non
1146 3110 1244 3194 plane
1268 3115 1410 3176 coutem-

130 3237 309 3304 poraneam
333 3218 519 3296 introducit,
557 3219 613 3283 sed
645 3221 735 3283 cuius
770 3221 895 3283 initium
929 3219 1118 3303 primariam
1154 3218 1335 3282 antecedat:
1365 3219 1410 3296 ὼς

132 3330 292 3413 ᾐσθάνετο
319 3348 412 3406 „oum
433 3327 583 3391 sensisset
606 3334 639 3391 et
661 3330 812 3392 sentiret“
838 3329 892 3391 vel
919 3349 1011 3408 ,eum
1035 3329 1151 3392 sentire
1176 3327 1365 3410 coepisset“.

178 3435 341 3518 Quoniam
364 3436 404 3499 de
427 3437 628 3518 imperfecte,
642 3455 946 3520 rempraegressam
969 3437 1180 3518 significante,
1206 3436 1316 3499 dicere
1336 3455 1410 3498 coe·

132 3547 177 3629 pi,
202 3545 302 3610 liceat
323 3545 404 3608 mihi
428 3544 496 3609 alia
517 3546 613 3610 huius
636 3563 712 3609 usus
737 3545 888 3628 exempla
912 3545 1036 3608 afferre.
1053 3543 1112 3606 Est
1125 3544 1220 3622 enim,
1237 3544 1294 3606 ubi
1310 3545 1410 3626 parti-

134 3654 207 3716 cula
231 3653 518 3735 temporalis—dre
542 3653 583 3719 V.
610 3656 683 3719 122.
708 3655 743 3718 L.
771 3657 844 3720 523.
860 3655 919 3718 Ee.
935 3655 1010 3730 315,
1022 3653 1115 3730 ἡνίκα
1131 3651 1171 3714 V.
1191 3653 1286 3729 1285,
1302 3651 1408 3730 ἐπειδή

135 3762 171 3825 v.
200 3764 295 3826 rear.
320 3761 371 3824 121.
398 3763 473 3841 eea,
497 3763 542 3841 ας
565 3764 615 3826 rr.
642 3766 825 3829 css-eum
841 3745 1029 3846 imperfecto
1041 3763 1149 3845 potius
1160 3760 1410 3844 praecedentem

134 3889 232 3953 quam
255 3873 564 3952 contemporaneam
589 3873 750 3937 actionem
776 3872 921 3954 designet
944 3869 1007 3949 val,
1032 3875 1068 3932 ut
1092 3870 1275 3934 accuratius
1291 3869 1409 3946 dicam,

133 4001 217 4058 eam,
242 3979 333 4042 ouius
354 3979 483 4042 initium
505 3982 694 4062 primariam
719 3980 898 4054 antecedat,
923 3979 996 4061 ipsa
1019 3981 1127 4041 autem
1153 3977 1295 4041 eiusdem
1331 3981 1409 4040 tem-

132 4089 220 4172 porie
243 4089 294 4152 sit.
319 4089 475 4153 Similiter
497 4089 610 4154 Latine
637 4097 829 4173 ,postquam
851 4089 1026 4152 videtanr‘
1046 4093 1094 4152 est
1108 4107 1204 4176 „cum
1225 4089 1409 4172 conspexis-

133 4203 203 4262 sent
226 4201 259 4260 et
280 4196 462 4262 viderent“.
487 4196 599 4262 Veluti
622 4198 656 4260 in
678 4198 714 4261 L.
745 4199 808 4261 523
841 4196 895 4260 ὅτε
917 4195 1296 4276 δὴ-ἠκοιίομεν,-μετά
1319 4193 1409 4259 ταῦθ’

132 4305 207 4384 ἡμῖν
228 4304 337 4372 ἔδοξεν
359 4305 419 4368 illa
441 4305 525 4368 ratio
550 4305 660 4370 verbis
684 4309 761 4387 μετὰ
783 4326 809 4369 τ.
835 4302 1024 4383 ostenditur,
1048 4303 1272 4387 imperfectum
1303 4305 1408 4368 autern

164 4551 309 4608 *Ὅτεαί
327 4553 410 4620 ἡνίκα
429 4553 635 4623 significatione
655 4555 727 4611 nihil
746 4553 860 4610 differre
880 4551 1020 4622 ridentur,
1050 4557 1081 4606 ut
1110 4549 1194 4606 docet
1224 4555 1274 4606 Au.
1304 4569 1328 4606 κ.
1357 4553 1409 4608 714

134 4651 162 4697 at
180 4645 243 4713 713,
263 4642 310 4696 ubi
331 4649 450 4710 utraque
470 4642 615 4712 particula
636 4645 721 4713 plana
742 4643 841 4700 eodem
861 4657 944 4698 sensu
964 4641 1040 4698 dieta
1060 4647 1109 4697 est.
