3466 5406
851 433 1028 495 ..24-

295 575 351 656 qui
374 595 428 636 νν.
454 576 517 638 311
543 579 576 637 et
600 578 663 639 318
688 574 943 656 transponendus
968 581 1076 638 censet
1098 575 1124 635 *.
1140 572 1232 656 Quae
1244 577 1272 638 si
1284 577 1331 638 ita
1346 581 1430 651 sunt,
1445 579 1478 636 et
1495 575 1580 649 λέγω

283 667 327 746 ¹ut
350 685 429 748 λέξω
454 701 558 762 aeque
581 683 702 747 bonum
727 687 783 745 est:
807 687 945 762 utroque
970 683 1055 746 enim
1079 682 1135 746 Ar.
1161 687 1194 746 iu
1230 683 1349 746 talibus
1381 683 1495 756 utitur,
1522 681 1579 742 sed

292 792 448 854 aoristum
471 790 593 866 malim,
620 790 740 870 quippe
765 790 821 870 qui
846 794 877 852 et
901 790 1094 852 auctoritate
1120 791 1235 872 optimi
1260 789 1381 854 codicis
1422 786 1579 876 delenda-

292 905 344 962 tur
368 904 399 961 et
422 897 550 961 facilius
574 897 608 958 in
629 916 783 979 praesens
800 898 841 960 ob
857 898 1041 978 proximum
1060 901 1146 960 δοκῶ
1163 898 1299 962 transire
1313 897 1461 979 potuerit
1478 914 1579 976 quam

294 1011 415 1068 eontra:
439 1004 528 1068 haud
550 1025 625 1066 raro
650 1005 735 1066 enim
762 1009 879 1085 „poeta
904 1005 1054 1080 variavit,
1088 1005 1215 1068 librarii
1244 1005 1374 1066 variata
1412 1020 1580 1081 exaequa-

292 1117 398 1188 runt“,
424 1117 460 1175 ut
483 1113 530 1174 ait
552 1112 794 1174 Heimsoethius
819 1111 903 1194 (Iud.
928 1112 1002 1174 lect.
1028 1112 1129 1176 Bonn.
1156 1119 1233 1176 aest.
1261 1115 1357 1188 1867,
1381 1131 1413 1194 p.
1442 1109 1488 1191 6).
1526 1108 1577 1171 st-

292 1221 369 1283 mile
393 1221 513 1282 factum
538 1225 586 1282 est
609 1221 642 1282 in
665 1219 714 1282 Pl.
742 1223 837 1295 1041,
862 1220 919 1283 ubi
942 1220 973 1282 R
996 1222 1130 1301 praebet
1162 1221 1446 1300 στεφάνους-καὶ
1463 1222 1578 1294 δᾷδας,

293 1329 392 1390 ceteri
418 1328 681 1408 στέφανον-,καὶ
704 1326 785 1408 δᾷδ’,
810 1346 883 1388 cum
907 1325 964 1390 Ar.
989 1329 1272 1406 στεφάνους-καὶ
1306 1327 1376 1410 δᾷδ’
1408 1325 1579 1408 scripsisse

292 1435 443 1496 videatur
467 1434 513 1515 (ν.
538 1433 710 1514 Bamberg.
738 1437 833 1509 1885,
857 1453 889 1514 p.
916 1437 967 1496 22.
992 1433 1193 1496 Bachmann.
1218 1434 1380 1515 Philolog.
1406 1433 1437 1494 V
1462 1431 1578 1513 Suppl.

291 1562 323 1624 p.
351 1542 439 1625 242).

339 1651 401 1712 819
428 1647 467 1712 οὐ
492 1647 560 1722 δῆτ’
586 1647 642 1729 (sc.
668 1647 831 1727 ἀνασχετὰ
853 1648 976 1731 ταῦτα),
1001 1650 1059 1713 ἐὰν
1082 1650 1123 1727 μή
1149 1653 1331 1731 μισθοφορῇ
1360 1669 1396 1728 γε
1411 1647 1577 1725 Λάμαχος.

293 1760 355 1820 835
382 1755 534 1838 (Megar.)
559 1755 964 1832 πειρῆσθε-παίειν-τὰν
988 1758 1112 1830 μᾶδδαν
1148 1754 1237 1838 (libri
1272 1753 1398 1837 μάζαν),
1431 1754 1508 1818 αἴκα
1532 1769 1578 1826 τις

291 1867 379 1943 διδῷ,
403 1863 460 1926 ubi
483 1862 647 1942 praesenti
671 1863 821 1944 repetitio
847 1882 977 1943 quoque
1001 1861 1173 1926 indicatur.
1200 1863 1262 1925 839
1289 1862 1376 1944 (lyr.)
1407 1861 1468 1926 κᾶν
1493 1857 1575 1937 εἰσίῃ
1638 1833 1643 1852 ’

290 1989 336 2046 τις
362 1969 704 2047 Κτησίας,-οίμώζων
728 1973 914 2034 καθεδεῖται.
941 1971 1004 2033 988
1029 1969 1312 2052 ἢν-ἀπολιγαίνῃ,
1348 1971 1425 2046 τοὺς
1456 1968 1578 2044 ἀγορα-

290 2078 411 2152 νόμους
436 2079 535 2140 καλῶ.

333 2182 372 2244 Ε,
398 2183 439 2244 39
465 2183 552 2245 ’ἑν-
567 2181 686 2260 αὐτοὺς
708 2186 979 2261 παραιτησώμεθα
1003 2183 1153 2261 ἐπίδηλον
1177 2181 1251 2260 ἡμῖν
1284 2186 1353 2260 τοῖς
1384 2181 1577 2260 προσώποι-

291 2305 344 2352 σιν
367 2292 480 2366 ποιεῖν,
504 2289 544 2366 ἢν
567 2292 635 2371 τοῖς
660 2289 750 2354 ἔπεσι
786 2290 931 2368 χαίρωσι,
957 2290 1045 2370 quod
1079 2290 1263 2352 Brunokius
1298 2291 1458 2372 (itemque
1494 2287 1577 2350 Rib-

290 2394 440 2476 beckius)
464 2415 529 2457 non
552 2400 640 2458 recte
664 2397 771 2458 vertit:
792 2416 970 2477 „rogemus
995 2398 1201 2460 manifestum
1227 2403 1261 2460 ut
1290 2399 1384 2461 nobis
1408 2398 1505 2459 voltu
1530 2395 1577 2456 f-

290 2504 388 2577 ciant,
412 2521 458 2564 ua
482 2503 683 2566 sermonibus
706 2503 823 2564 nostris
848 2503 1078 2566 delectentur“:
1104 2506 1266 2566 namhoc
1301 2504 1490 2585 significatu
1522 2497 1577 2583 (de

290 2628 354 2692 quo
380 2617 411 2672 et
435 2629 532 2690 supra
557 2609 679 2673 dictum
703 2615 751 2672 est
775 2614 806 2672 et
830 2609 1064 2692 infradicetur)
1079 2609 1243 2692 particula
1259 2612 1315 2675 ἐάν
1332 2610 1395 2674 nisi
1409 2611 1451 2674 de
1471 2610 1576 2672 autio-

289 2737 330 2781 ne
353 2719 544 2800 primariam
569 2724 722 2795 sequente
746 2717 813 2778 dici
835 2737 900 2779 non
922 2723 1038 2798 potest.
1062 2716 1161 2779 Verte
1185 2719 1294 2800 igitur:
1315 2718 1361 2794 ,si
1376 2719 1574 2782 -deleota

290 2827 441 2890 buntur“.
467 2823 618 2888 Ceterum
640 2825 803 2904 praesenti
829 2826 912 2887 coni.
928 2825 1078 2906 repetitio
1101 2842 1230 2906 qnoque
1246 2824 1380 2886 fortasse
1397 2825 1573 2887 indicatur.

338 2935 468 2996 uti-2
495 2929 562 3013 (tr.)
588 2932 644 2994 ἐὰν
667 2932 765 3012 ταύτῃ
790 2952 826 3007 γε
849 2937 929 3013 νικᾷ,
954 2934 1063 3012 ταυτῃὶ
1086 2931 1283 3008 πεπλήξεται·
1301 2933 1340 3008 ἢν
1357 2930 1385 2993 δ’
1403 2931 1573 3010 ὑπεκκλίνῃ

291 3061 326 3116 γε
350 3040 445 3116 δευρί,
471 3039 554 3116 πρὸς
579 3039 697 3116 σκέλος
722 3040 905 3116 κυρηβάσει.
941 3037 991 3101 De
1027 3040 1089 3101 hoc
1124 3038 1197 3100 loco
1234 3038 1370 3100 obscuro
1406 3040 1468 3102 etsi
1492 3035 1574 3098 nihil

291 3148 371 3211 certi
394 3147 538 3231 proferre
561 3164 702 3226 possum,
728 3152 838 3208 tamen
863 3145 1005 3225 quidde
1030 3145 1168 3207 aliorum
1205 3144 1478 3224 explicationibus
1503 3163 1574 3206 sen-

291 3258 381 3330 tiam,
407 3272 568 3334 exponere
591 3252 710 3333 placet.
735 3251 787 3314 Ad
820 3253 916 3334 ταύτῃ
957 3259 988 3314 et
1023 3252 1132 3332 ταυτῃί
1167 3250 1312 3312 Koekius
1343 3251 1428 3333 πάλῃ
1467 3248 1572 3314 audiri

290 3363 391 3424 iubet.
416 3360 479 3422 Sed
504 3361 641 3436 obstant,
667 3361 792 3440 opinor,
818 3361 919 3422 verba
942 3359 1050 3441 ταυτῃί
1075 3363 1107 3420 et
1131 3359 1227 3435 δευρίῑ
1252 3377 1327 3419 nam
1369 3361 1574 3436 „constanter

291 3469 348 3531 Ar.
372 3469 566 3549 pronomina
590 3467 845 3530 demonstrativa
865 3487 948 3548 quae
974 3472 1092 3530 exeunt
1115 3468 1148 3528 in
1171 3467 1226 3529 -i
1250 3468 1421 3549 usurpavit
1457 3467 1496 3529 de
1529 3464 1575 3526 eis

292 3594 376 3656 quae
399 3572 540 3637 sensibus
562 3575 794 3656 percipiantur,
820 3579 877 3637 aut·
901 3574 940 3636 de
964 3576 1060 3638 rebus
1084 3575 1137 3636 vel
1164 3575 1320 3654 personis,
1360 3593 1444 3654 quac
1479 3590 1575 3656 prae-

291 3687 396 3744 sentes
419 3685 589 3741 versantur
613 3684 687 3742 ante
711 3678 814 3744 oeulos
838 3681 1063 3760 spectantium,
1089 3685 1145 3741 aut
1169 3678 1208 3742 de
1233 3681 1376 3760 eisquae
1394 3679 1481 3742 dicta
1501 3682 1574 3741 sunt

290 3801 603 3815 ψ

327 3857 342 3890 *
363 3857 431 3911 Cum
451 3857 642 3924 Bakhuyzeno
666 3855 736 3910 tacit
756 3855 900 3911 Schnaeus
921 3856 966 3922 (de
986 3859 1035 3910 Ar.
1055 3857 1267 3925 manuscriptis,
1286 3873 1313 3924 p.
1336 3857 1572 3924 12>:„1·]g0vero,

291 3947 390 4014 inquit,
411 3963 436 4000 v.
455 3947 508 3998 317
527 3949 594 4012 post
609 3963 635 3998 ν.
654 3947 708 3999 318
728 3945 925 4000 collocandum
947 3962 1057 4001 censeo.
1079 3946 1166 4000 Cuius
1195 3947 1236 4000 rei
1262 3945 1368 3999 iudicia
1392 3946 1460 3999 mihi
1479 3944 1574 3998 siden·

292 4042 339 4090 tur
359 4049 420 4090 esse
441 4042 470 4088 et
489 4035 533 4085 uui
551 4038 589 4103 (v.
609 4035 682 4102 318),
701 4034 731 4088 in
750 4050 806 4102 quo
826 4035 1043 4102 interpretando
1064 4035 1270 4092 laboraverunt
1289 4035 1342 4088 viri
1372 4034 1458 4102 ducti,
1487 4039 1515 4090 et
1529 4031 1572 4086 lu·

292 4123 569 4194 turum[sic1]ltttu
590 4122 696 4178 codicis
716 4123 899 4192 Ravennatis,
920 4123 996 4191 quod
1014 4123 1142 4178 versibus
1163 4123 1334 4192 permutatis
1354 4122 1511 4178 rectissime
1540 4133 1570 4174 se

290 4215 386 4268 habet.
407 4212 542 4267 Facilime
563 4213 625 4268 fieri
645 4213 750 4282 potuit,
769 4228 832 4266 cum
852 4219 971 4280 propter
983 4212 1099 4267 eundem
1116 4212 1263 4279 utriusque
1277 4227 1375 4266 versus
1393 4209 1573 4280 totietate)

291 4302 398 4356 exitum
418 4318 442 4354 v.
462 4303 513 4355 318
534 4300 696 4371 excidisset,
717 4308 748 4354 ut
769 4300 863 4356 alieno
882 4300 947 4357 loco
967 4299 1158 4355 insereretur“
1180 4309 1234 4355 etc.
1253 4299 1326 4354 Mihi
1347 4317 1413 4354 vero
1429 4297 1504 4354 istud
1525 4296 1570 4350 καί

290 4390 469 4460 traditusque
488 4407 618 4446 versuum
639 4390 709 4445 ordo
730 4392 888 4446 rectissime
907 4407 937 4446 aa
969 4392 1074 4446 habere
1104 4390 1228 4458 videtur,
1256 4391 1280 4445 si
1305 4392 1507 4458 anacoluthon,
1540 4395 1570 4439 ut

292 4477 360 4546 dixi,
380 4482 471 4536 inesse
491 4486 610 4536 statuae.
629 4479 788 4548 indignanti
810 4483 882 4538 enim
903 4481 999 4550 thoro,
1020 4497 1085 4534 uum
1106 4481 1190 4535 etiam
1209 4497 1260 4550 pro
1281 4481 1410 4536 hostibus
1424 4479 1512 4549 uerba
1529 4475 1570 4530 ia·

291 4584 355 4623 aare
375 4585 496 4624 ausurus
516 4571 563 4637 sit,
583 4569 618 4624 D.
638 4585 763 4638 eaquae
783 4568 855 4624 dixit
874 4569 963 4638 magia
985 4570 1070 4624 etiam
1090 4567 1247 4624 coufirmat:
1267 4569 1368 4640 „Sana
1401 4568 1506 4638 inquit,
1522 4581 1570 4620 au·

293 4657 374 4713 dabo:
394 4665 477 4728 utque
497 4660 520 4714 si
540 4675 594 4712 nou
608 4659 684 4714 iusta
698 4666 789 4730 erunt,
805 4674 876 4728 quae
891 4658 994 4728 dicam,
1009 4657 1111 4727 capitis
1123 4673 1242 4727 poenam
1254 4657 1349 4713 subire
1364 4653 1572 4727 paratusaum“.
