<?xml version="1.0" encoding="UTF-8"?>
<!DOCTYPE html PUBLIC "-//W3C//DTD XHTML 1.0 Transitional//EN"
    "http://www.w3.org/TR/xhtml1/DTD/xhtml1-transitional.dtd">
<html xmlns="http://www.w3.org/1999/xhtml" xml:lang="en" lang="en">
 <head>
  <title>
</title>
<meta http-equiv="Content-Type" content="text/html;charset=utf-8" />
  <meta name='ocr-system' content='tesseract 3.04.00' />
  <meta name='ocr-capabilities' content='ocr_page ocr_carea ocr_par ocr_line ocrx_word'/>
</head>
<body>
  <div class='ocr_page' id='page_1' title='image "./syntaxisaristop00sobogoog_0012.png"; bbox 0 0 3466 5406; ppageno 0'>
   <div class='ocr_carea' id='block_1_1' title="bbox 557 1305 1060 1391">
    <p class='ocr_par' dir='ltr' id='par_1_1' title="bbox 557 1305 1060 1391">
     <span class='ocr_line' id='line_1_1' title="bbox 557 1305 1060 1391; baseline -0.002 -1"><span class='ocrx_word' id='word_1_1' title='bbox 557 1305 1060 1391; x_wconf 77' lang='lat' dir='ltr'>PRAEFATIO.</span> 
     </span>
    </p>
   </div>
   <div class='ocr_carea' id='block_1_2' title="bbox 701 1525 913 1541">
    <p class='ocr_par' dir='ltr' id='par_1_2' title="bbox 701 1525 913 1541">
     <span class='ocr_line' id='line_1_2' title="bbox 701 1525 913 1541; baseline 0.009 -3"><span class='ocrx_word' id='word_1_2' title='bbox 701 1525 855 1541; x_wconf 55' lang='lat' dir='ltr'><strong>Vxssvxl&#39;Nv</strong></span> <span class='ocrx_word' id='word_1_3' title='bbox 868 1527 913 1540; x_wconf 55' lang='lat' dir='ltr'><strong>du»</strong></span> 
     </span>
    </p>
   </div>
   <div class='ocr_carea' id='block_1_3' title="bbox 215 1661 1446 1749">
    <p class='ocr_par' dir='ltr' id='par_1_3' title="bbox 215 1661 1446 1749">
     <span class='ocr_line' id='line_1_3' title="bbox 215 1661 1446 1749; baseline -0.001 -20"><span class='ocrx_word' id='word_1_4' title='bbox 215 1665 328 1745; x_wconf 84' lang='lat' dir='ltr'><strong>„Duae</strong></span> <span class='ocrx_word' id='word_1_5' title='bbox 350 1685 413 1744; x_wconf 88' lang='lat' dir='ltr'><strong>res,</strong></span> <span class='ocrx_word' id='word_1_6' title='bbox 438 1665 544 1746; x_wconf 92' lang='lat' dir='ltr'><strong>inquit</strong></span> <span class='ocrx_word' id='word_1_7' title='bbox 568 1661 607 1728; x_wconf 81' lang='lat' dir='ltr'><strong>G.</strong></span> <span class='ocrx_word' id='word_1_8' title='bbox 632 1663 837 1728; x_wconf 90' lang='lat' dir='ltr'><strong>Hermannus</strong></span> <span class='ocrx_word' id='word_1_9' title='bbox 862 1661 963 1748; x_wconf 91' lang='lat' dir='ltr'><strong>(Opp.</strong></span> <span class='ocrx_word' id='word_1_10' title='bbox 988 1685 1019 1726; x_wconf 88' lang='lat' dir='ltr'><strong>v.</strong></span> <span class='ocrx_word' id='word_1_11' title='bbox 1038 1667 1067 1742; x_wconf 86' lang='lat'><strong>2,</strong></span> <span class='ocrx_word' id='word_1_12' title='bbox 1084 1685 1115 1747; x_wconf 90' lang='lat' dir='ltr'><strong>p.</strong></span> <span class='ocrx_word' id='word_1_13' title='bbox 1136 1666 1225 1749; x_wconf 80' lang='lat'><strong>218),</strong></span> <span class='ocrx_word' id='word_1_14' title='bbox 1244 1665 1277 1726; x_wconf 95' lang='lat' dir='ltr'><strong>in</strong></span> <span class='ocrx_word' id='word_1_15' title='bbox 1294 1665 1343 1743; x_wconf 90' lang='lat' dir='ltr'><strong>iis,</strong></span> <span class='ocrx_word' id='word_1_16' title='bbox 1362 1684 1446 1746; x_wconf 88' lang='lat' dir='ltr'><strong>quae</strong></span> 
     </span>
    </p>
   </div>
   <div class='ocr_carea' id='block_1_4' title="bbox 155 1768 1445 4650">
    <p class='ocr_par' dir='ltr' id='par_1_4' title="bbox 160 1768 1445 3467">
     <span class='ocr_line' id='line_1_4' title="bbox 168 1768 1445 1853; baseline 0 -19"><span class='ocrx_word' id='word_1_17' title='bbox 168 1771 209 1836; x_wconf 86' lang='lat' dir='ltr'><strong>ad</strong></span> <span class='ocrx_word' id='word_1_18' title='bbox 233 1771 357 1835; x_wconf 78' lang='lat' dir='ltr'><strong>litteras</strong></span> <span class='ocrx_word' id='word_1_19' title='bbox 381 1768 525 1835; x_wconf 80' lang='lat' dir='ltr'><strong>Graecas</strong></span> <span class='ocrx_word' id='word_1_20' title='bbox 548 1772 721 1853; x_wconf 82' lang='lat' dir='ltr'><strong>pertinent,</strong></span> <span class='ocrx_word' id='word_1_21' title='bbox 746 1771 842 1853; x_wconf 91' lang='lat' dir='ltr'><strong>longe</strong></span> <span class='ocrx_word' id='word_1_22' title='bbox 867 1775 939 1834; x_wconf 91' lang='lat' dir='ltr'><strong>sunt</strong></span> <span class='ocrx_word' id='word_1_23' title='bbox 963 1769 1186 1847; x_wconf 87' lang='lat' dir='ltr'><strong>difficillimae,</strong></span> <span class='ocrx_word' id='word_1_24' title='bbox 1216 1771 1343 1834; x_wconf 85' lang='lat' dir='ltr'><strong>lexicon</strong></span> <span class='ocrx_word' id='word_1_25' title='bbox 1367 1773 1445 1834; x_wconf 89' lang='lat' dir='ltr'><strong>sori-</strong></span> 
     </span>
     <span class='ocr_line' id='line_1_5' title="bbox 165 1874 1444 1962; baseline -0.003 -19"><span class='ocrx_word' id='word_1_26' title='bbox 165 1882 253 1956; x_wconf 91' lang='lat' dir='ltr'><strong>bere,</strong></span> <span class='ocrx_word' id='word_1_27' title='bbox 278 1884 309 1942; x_wconf 92' lang='lat' dir='ltr'><strong>et</strong></span> <span class='ocrx_word' id='word_1_28' title='bbox 331 1879 613 1962; x_wconf 81' lang='lat' dir='ltr'><strong>grammaticam“.</strong></span> <span class='ocrx_word' id='word_1_29' title='bbox 651 1874 746 1958; x_wconf 73' lang='lat' dir='ltr'><strong>Quod</strong></span> <span class='ocrx_word' id='word_1_30' title='bbox 781 1878 843 1938; x_wconf 85' lang='lat' dir='ltr'><strong>viri</strong></span> <span class='ocrx_word' id='word_1_31' title='bbox 873 1878 1140 1960; x_wconf 78' lang='lat' dir='ltr'><strong>praestantissimi</strong></span> <span class='ocrx_word' id='word_1_32' title='bbox 1164 1875 1321 1940; x_wconf 88' lang='lat' dir='ltr'><strong>iudicium</strong></span> <span class='ocrx_word' id='word_1_33' title='bbox 1346 1895 1444 1958; x_wconf 89' lang='lat' dir='ltr'><strong>quarn</strong></span> 
     </span>
     <span class='ocr_line' id='line_1_6' title="bbox 166 1983 1445 2068; baseline 0.001 -21"><span class='ocrx_word' id='word_1_34' title='bbox 166 2007 278 2050; x_wconf 89' lang='lat' dir='ltr'><strong>verum</strong></span> <span class='ocrx_word' id='word_1_35' title='bbox 302 1989 353 2064; x_wconf 89' lang='lat' dir='ltr'><strong>sit,</strong></span> <span class='ocrx_word' id='word_1_36' title='bbox 378 1988 449 2068; x_wconf 90' lang='lat' dir='ltr'><strong>ipse</strong></span> <span class='ocrx_word' id='word_1_37' title='bbox 473 1987 506 2048; x_wconf 92' lang='lat' dir='ltr'><strong>in</strong></span> <span class='ocrx_word' id='word_1_38' title='bbox 529 1987 593 2049; x_wconf 91' lang='lat' dir='ltr'><strong>hoc</strong></span> <span class='ocrx_word' id='word_1_39' title='bbox 619 1985 773 2068; x_wconf 87' lang='lat' dir='ltr'><strong>opusculo</strong></span> <span class='ocrx_word' id='word_1_40' title='bbox 800 1983 1023 2066; x_wconf 91' lang='lat' dir='ltr'><strong>componendo</strong></span> <span class='ocrx_word' id='word_1_41' title='bbox 1060 1988 1210 2066; x_wconf 86' lang='lat' dir='ltr'><strong>expertus</strong></span> <span class='ocrx_word' id='word_1_42' title='bbox 1244 2005 1323 2047; x_wconf 92' lang='lat' dir='ltr'><strong>sum.</strong></span> <span class='ocrx_word' id='word_1_43' title='bbox 1359 1983 1445 2048; x_wconf 88' lang='lat' dir='ltr'><strong>Nam</strong></span> 
     </span>
     <span class='ocr_line' id='line_1_7' title="bbox 167 2091 1442 2175; baseline -0.004 -16"><span class='ocrx_word' id='word_1_44' title='bbox 167 2101 198 2159; x_wconf 91' lang='lat' dir='ltr'><strong>et</strong></span> <span class='ocrx_word' id='word_1_45' title='bbox 221 2096 380 2172; x_wconf 83' lang='lat' dir='ltr'><strong>conicere,</strong></span> <span class='ocrx_word' id='word_1_46' title='bbox 406 2113 547 2175; x_wconf 85' lang='lat' dir='ltr'><strong>quanam</strong></span> <span class='ocrx_word' id='word_1_47' title='bbox 572 2093 612 2156; x_wconf 94' lang='lat' dir='ltr'><strong>de</strong></span> <span class='ocrx_word' id='word_1_48' title='bbox 636 2112 735 2155; x_wconf 86' lang='lat' dir='ltr'><strong>causa</strong></span> <span class='ocrx_word' id='word_1_49' title='bbox 758 2093 898 2174; x_wconf 86' lang='lat' dir='ltr'><strong>scriptor</strong></span> <span class='ocrx_word' id='word_1_50' title='bbox 921 2093 983 2153; x_wconf 89' lang='lat' dir='ltr'><strong>hac</strong></span> <span class='ocrx_word' id='word_1_51' title='bbox 1008 2092 1060 2154; x_wconf 89' lang='lat' dir='ltr'><strong>vel</strong></span> <span class='ocrx_word' id='word_1_52' title='bbox 1082 2091 1141 2153; x_wconf 91' lang='lat' dir='ltr'><strong>illa</strong></span> <span class='ocrx_word' id='word_1_53' title='bbox 1163 2093 1290 2154; x_wconf 90' lang='lat' dir='ltr'><strong>ratione</strong></span> <span class='ocrx_word' id='word_1_54' title='bbox 1315 2091 1442 2156; x_wconf 90' lang='lat' dir='ltr'><strong>dicendi</strong></span> 
     </span>
     <span class='ocr_line' id='line_1_8' title="bbox 166 2185 1444 2284; baseline -0.004 -18"><span class='ocrx_word' id='word_1_55' title='bbox 166 2223 237 2266; x_wconf 86' lang='lat' dir='ltr'><strong>usus</strong></span> <span class='ocrx_word' id='word_1_56' title='bbox 262 2207 354 2280; x_wconf 87' lang='lat' dir='ltr'><strong>esset,</strong></span> <span class='ocrx_word' id='word_1_57' title='bbox 380 2220 612 2284; x_wconf 85' lang='lat' dir='ltr'><strong>saepenumero</strong></span> <span class='ocrx_word' id='word_1_58' title='bbox 638 2200 726 2263; x_wconf 90' lang='lat' dir='ltr'><strong>haud</strong></span> <span class='ocrx_word' id='word_1_59' title='bbox 752 2200 851 2262; x_wconf 85' lang='lat' dir='ltr'><strong>facilc</strong></span> <span class='ocrx_word' id='word_1_60' title='bbox 874 2200 944 2276; x_wconf 86' lang='lat' dir='ltr'><strong>fuit,</strong></span> <span class='ocrx_word' id='word_1_61' title='bbox 970 2204 1002 2262; x_wconf 95' lang='lat' dir='ltr'><strong>et</strong></span> <span class='ocrx_word' id='word_1_62' title='bbox 1026 2219 1089 2280; x_wconf 91' lang='lat' dir='ltr'><strong>quo</strong></span> <span class='ocrx_word' id='word_1_63' title='bbox 1115 2200 1268 2263; x_wconf 80' lang='lat' dir='ltr'><strong>referrem</strong></span> <span class='ocrx_word' id='word_1_64' title='bbox 1309 2185 1444 2263; x_wconf 91' lang='lat' dir='ltr'><strong>nonnul-</strong></span> 
     </span>
     <span class='ocr_line' id='line_1_9' title="bbox 166 2304 1444 2390; baseline -0.002 -18"><span class='ocrx_word' id='word_1_65' title='bbox 166 2310 213 2374; x_wconf 90' lang='lat' dir='ltr'><strong>los</strong></span> <span class='ocrx_word' id='word_1_66' title='bbox 234 2310 334 2387; x_wconf 90' lang='lat' dir='ltr'><strong>locos,</strong></span> <span class='ocrx_word' id='word_1_67' title='bbox 359 2310 413 2373; x_wconf 92' lang='lat' dir='ltr'><strong>diu</strong></span> <span class='ocrx_word' id='word_1_68' title='bbox 437 2309 640 2390; x_wconf 90' lang='lat' dir='ltr'><strong>multumque</strong></span> <span class='ocrx_word' id='word_1_69' title='bbox 665 2307 824 2372; x_wconf 88' lang='lat' dir='ltr'><strong>dubitavi.</strong></span> <span class='ocrx_word' id='word_1_70' title='bbox 850 2304 1003 2372; x_wconf 80' lang='lat' dir='ltr'><strong>Ceterum</strong></span> <span class='ocrx_word' id='word_1_71' title='bbox 1025 2328 1089 2370; x_wconf 93' lang='grc'><strong>101</strong></span> <span class='ocrx_word' id='word_1_72' title='bbox 1114 2327 1223 2371; x_wconf 91' lang='lat' dir='ltr'><strong>omncs</strong></span> <span class='ocrx_word' id='word_1_73' title='bbox 1248 2312 1355 2389; x_wconf 90' lang='lat' dir='ltr'><strong>partes</strong></span> <span class='ocrx_word' id='word_1_74' title='bbox 1370 2308 1444 2372; x_wconf 88' lang='lat' dir='ltr'><strong>libri</strong></span> 
     </span>
     <span class='ocr_line' id='line_1_10' title="bbox 171 2415 1444 2499; baseline 0 -21"><span class='ocrx_word' id='word_1_75' title='bbox 171 2418 229 2479; x_wconf 91' lang='lat' dir='ltr'><strong>mei</strong></span> <span class='ocrx_word' id='word_1_76' title='bbox 249 2416 375 2499; x_wconf 91' lang='lat' dir='ltr'><strong>pariter</strong></span> <span class='ocrx_word' id='word_1_77' title='bbox 399 2415 645 2496; x_wconf 86' lang='lat' dir='ltr'><strong>aequaliterque</strong></span> <span class='ocrx_word' id='word_1_78' title='bbox 669 2415 848 2479; x_wconf 86' lang='lat' dir='ltr'><strong>elaboravi:</strong></span> <span class='ocrx_word' id='word_1_79' title='bbox 873 2435 950 2477; x_wconf 92' lang='lat' dir='ltr'><strong>nam</strong></span> <span class='ocrx_word' id='word_1_80' title='bbox 974 2416 1175 2497; x_wconf 85' lang='lat' dir='ltr'><strong>cumprime</strong></span> <span class='ocrx_word' id='word_1_81' title='bbox 1208 2417 1444 2479; x_wconf 80' lang='lat' dir='ltr'><strong>const‘tuissem</strong></span> 
     </span>
     <span class='ocr_line' id='line_1_11' title="bbox 174 2523 1442 2607; baseline -0.002 -17"><span class='ocrx_word' id='word_1_82' title='bbox 174 2525 208 2590; x_wconf 94' lang='lat' dir='ltr'><strong>de</strong></span> <span class='ocrx_word' id='word_1_83' title='bbox 225 2527 418 2589; x_wconf 90' lang='lat' dir='ltr'><strong>coniunctivi</strong></span> <span class='ocrx_word' id='word_1_84' title='bbox 442 2529 474 2588; x_wconf 89' lang='lat' dir='ltr'><strong>et</strong></span> <span class='ocrx_word' id='word_1_85' title='bbox 498 2526 638 2607; x_wconf 87' lang='lat' dir='ltr'><strong>optativi</strong></span> <span class='ocrx_word' id='word_1_86' title='bbox 662 2526 696 2586; x_wconf 94' lang='lat' dir='ltr'><strong>in</strong></span> <span class='ocrx_word' id='word_1_87' title='bbox 711 2525 878 2587; x_wconf 91' lang='lat' dir='ltr'><strong>sententiis</strong></span> <span class='ocrx_word' id='word_1_88' title='bbox 895 2523 1184 2602; x_wconf 87' lang='lat' dir='ltr'><strong>condicionalibus,</strong></span> <span class='ocrx_word' id='word_1_89' title='bbox 1198 2525 1442 2607; x_wconf 88' lang='lat' dir='ltr'><strong>temporalibus,</strong></span> 
     </span>
     <span class='ocr_line' id='line_1_12' title="bbox 168 2630 1442 2714; baseline -0.001 -18"><span class='ocrx_word' id='word_1_90' title='bbox 168 2635 307 2698; x_wconf 87' lang='lat' dir='ltr'><strong>relativis</strong></span> <span class='ocrx_word' id='word_1_91' title='bbox 323 2653 382 2695; x_wconf 92' lang='lat' dir='ltr'><strong>usu</strong></span> <span class='ocrx_word' id='word_1_92' title='bbox 399 2633 551 2708; x_wconf 88' lang='lat' dir='ltr'><strong>seribere,</strong></span> <span class='ocrx_word' id='word_1_93' title='bbox 569 2634 643 2695; x_wconf 89' lang='lat' dir='ltr'><strong>huic</strong></span> <span class='ocrx_word' id='word_1_94' title='bbox 667 2633 716 2695; x_wconf 91' lang='lat' dir='ltr'><strong>rei</strong></span> <span class='ocrx_word' id='word_1_95' title='bbox 738 2632 881 2694; x_wconf 84' lang='lat' dir='ltr'><strong>maxime</strong></span> <span class='ocrx_word' id='word_1_96' title='bbox 907 2651 1039 2714; x_wconf 89' lang='lat' dir='ltr'><strong>operam</strong></span> <span class='ocrx_word' id='word_1_97' title='bbox 1065 2630 1150 2710; x_wconf 89' lang='lat' dir='ltr'><strong>dedi,</strong></span> <span class='ocrx_word' id='word_1_98' title='bbox 1169 2634 1317 2697; x_wconf 91' lang='lat' dir='ltr'><strong>omnibus</strong></span> <span class='ocrx_word' id='word_1_99' title='bbox 1335 2633 1442 2696; x_wconf 87' lang='lat' dir='ltr'><strong>allatis</strong></span> 
     </span>
     <span class='ocr_line' id='line_1_13' title="bbox 166 2737 1441 2821; baseline 0 -19"><span class='ocrx_word' id='word_1_100' title='bbox 166 2741 251 2818; x_wconf 91' lang='lat' dir='ltr'><strong>locis,</strong></span> <span class='ocrx_word' id='word_1_101' title='bbox 277 2742 332 2821; x_wconf 90' lang='lat' dir='ltr'><strong>qui</strong></span> <span class='ocrx_word' id='word_1_102' title='bbox 355 2743 418 2802; x_wconf 91' lang='lat' dir='ltr'><strong>huc</strong></span> <span class='ocrx_word' id='word_1_103' title='bbox 442 2741 616 2821; x_wconf 89' lang='lat' dir='ltr'><strong>pe1·tinent;</strong></span> <span class='ocrx_word' id='word_1_104' title='bbox 640 2738 819 2818; x_wconf 89' lang='lat' dir='ltr'><strong>eodemque</strong></span> <span class='ocrx_word' id='word_1_105' title='bbox 842 2737 939 2800; x_wconf 92' lang='lat' dir='ltr'><strong>modo</strong></span> <span class='ocrx_word' id='word_1_106' title='bbox 964 2743 1079 2819; x_wconf 90' lang='lat' dir='ltr'><strong>postea</strong></span> <span class='ocrx_word' id='word_1_107' title='bbox 1103 2738 1244 2819; x_wconf 90' lang='lat' dir='ltr'><strong>reliquas</strong></span> <span class='ocrx_word' id='word_1_108' title='bbox 1280 2739 1441 2803; x_wconf 91' lang='lat' dir='ltr'><strong>condicio·</strong></span> 
     </span>
     <span class='ocr_line' id='line_1_14' title="bbox 164 2845 1442 2928; baseline -0.002 -16"><span class='ocrx_word' id='word_1_109' title='bbox 164 2871 238 2912; x_wconf 88' lang='lat' dir='ltr'><strong>num</strong></span> <span class='ocrx_word' id='word_1_110' title='bbox 260 2851 380 2914; x_wconf 82' lang='lat' dir='ltr'><strong>formas</strong></span> <span class='ocrx_word' id='word_1_111' title='bbox 405 2847 552 2924; x_wconf 87' lang='lat' dir='ltr'><strong>tractavi;</strong></span> <span class='ocrx_word' id='word_1_112' title='bbox 590 2845 629 2908; x_wconf 95' lang='lat' dir='ltr'><strong>de</strong></span> <span class='ocrx_word' id='word_1_113' title='bbox 665 2847 780 2909; x_wconf 89' lang='lat' dir='ltr'><strong>ceteris</strong></span> <span class='ocrx_word' id='word_1_114' title='bbox 816 2850 925 2908; x_wconf 90' lang='lat' dir='ltr'><strong>autem</strong></span> <span class='ocrx_word' id='word_1_115' title='bbox 962 2846 1196 2928; x_wconf 88' lang='lat' dir='ltr'><strong>temporalibus</strong></span> <span class='ocrx_word' id='word_1_116' title='bbox 1232 2852 1263 2910; x_wconf 93' lang='lat' dir='ltr'><strong>et</strong></span> <span class='ocrx_word' id='word_1_117' title='bbox 1295 2846 1442 2910; x_wconf 89' lang='lat' dir='ltr'><strong>relativis</strong></span> 
     </span>
     <span class='ocr_line' id='line_1_15' title="bbox 164 2953 1441 3036; baseline -0.002 -16"><span class='ocrx_word' id='word_1_118' title='bbox 164 2958 334 3020; x_wconf 87' lang='lat' dir='ltr'><strong>enuntiatis</strong></span> <span class='ocrx_word' id='word_1_119' title='bbox 357 2956 487 3024; x_wconf 90' lang='lat' dir='ltr'><strong>brevius</strong></span> <span class='ocrx_word' id='word_1_120' title='bbox 512 2954 574 3035; x_wconf 88' lang='lat' dir='ltr'><strong>egi.</strong></span> <span class='ocrx_word' id='word_1_121' title='bbox 598 2953 785 3031; x_wconf 87' lang='lat' dir='ltr'><strong>Praeterea,</strong></span> <span class='ocrx_word' id='word_1_122' title='bbox 823 2973 895 3016; x_wconf 90' lang='lat' dir='ltr'><strong>cum</strong></span> <span class='ocrx_word' id='word_1_123' title='bbox 918 2973 984 3016; x_wconf 91' lang='lat' dir='ltr'><strong>non</strong></span> <span class='ocrx_word' id='word_1_124' title='bbox 1007 2955 1200 3036; x_wconf 82' lang='lat' dir='ltr'><strong>ignorarem,</strong></span> <span class='ocrx_word' id='word_1_125' title='bbox 1239 2955 1281 3018; x_wconf 89' lang='lat' dir='ltr'><strong>ad</strong></span> <span class='ocrx_word' id='word_1_126' title='bbox 1316 2954 1441 3018; x_wconf 89' lang='lat' dir='ltr'><strong>Aristo-</strong></span> 
     </span>
     <span class='ocr_line' id='line_1_16' title="bbox 160 3060 1440 3146; baseline -0.002 -19"><span class='ocrx_word' id='word_1_127' title='bbox 160 3063 300 3146; x_wconf 86' lang='lat' dir='ltr'><strong>phanem</strong></span> <span class='ocrx_word' id='word_1_128' title='bbox 323 3061 413 3125; x_wconf 88' lang='lat' dir='ltr'><strong>haud</strong></span> <span class='ocrx_word' id='word_1_129' title='bbox 427 3081 502 3125; x_wconf 92' lang='lat' dir='ltr'><strong>raro</strong></span> <span class='ocrx_word' id='word_1_130' title='bbox 519 3061 627 3142; x_wconf 91' lang='lat' dir='ltr'><strong>magni</strong></span> <span class='ocrx_word' id='word_1_131' title='bbox 645 3062 810 3138; x_wconf 84' lang='lat' dir='ltr'><strong>interesse,</strong></span> <span class='ocrx_word' id='word_1_132' title='bbox 835 3062 868 3123; x_wconf 91' lang='lat' dir='ltr'><strong>in</strong></span> <span class='ocrx_word' id='word_1_133' title='bbox 893 3078 956 3141; x_wconf 91' lang='lat' dir='ltr'><strong>qno</strong></span> <span class='ocrx_word' id='word_1_134' title='bbox 980 3062 1075 3124; x_wconf 88' lang='lat' dir='ltr'><strong>metri</strong></span> <span class='ocrx_word' id='word_1_135' title='bbox 1098 3080 1215 3144; x_wconf 89' lang='lat' dir='ltr'><strong>genere</strong></span> <span class='ocrx_word' id='word_1_136' title='bbox 1239 3062 1329 3124; x_wconf 86' lang='lat' dir='ltr'><strong>locus</strong></span> <span class='ocrx_word' id='word_1_137' title='bbox 1353 3060 1440 3142; x_wconf 86' lang='lat' dir='ltr'><strong>lege-</strong></span> 
     </span>
     <span class='ocr_line' id='line_1_17' title="bbox 161 3169 1439 3252; baseline -0.001 -20"><span class='ocrx_word' id='word_1_138' title='bbox 161 3176 258 3248; x_wconf 86' lang='lat' dir='ltr'><strong>retur,</strong></span> <span class='ocrx_word' id='word_1_139' title='bbox 282 3170 316 3233; x_wconf 93' lang='lat' dir='ltr'><strong>id</strong></span> <span class='ocrx_word' id='word_1_140' title='bbox 340 3171 434 3250; x_wconf 89' lang='lat' dir='ltr'><strong>notis,</strong></span> <span class='ocrx_word' id='word_1_141' title='bbox 458 3188 610 3232; x_wconf 87' lang='lat' dir='ltr'><strong>versuum</strong></span> <span class='ocrx_word' id='word_1_142' title='bbox 641 3170 781 3231; x_wconf 86' lang='lat' dir='ltr'><strong>numeris</strong></span> <span class='ocrx_word' id='word_1_143' title='bbox 818 3170 982 3252; x_wconf 86' lang='lat' dir='ltr'><strong>appositis:</strong></span> <span class='ocrx_word' id='word_1_144' title='bbox 1022 3190 1104 3248; x_wconf 90' lang='lat' dir='ltr'><strong>,an.,</strong></span> <span class='ocrx_word' id='word_1_145' title='bbox 1139 3169 1225 3246; x_wconf 69' lang='lat' dir='ltr'><strong>hex,</strong></span> <span class='ocrx_word' id='word_1_146' title='bbox 1258 3169 1330 3250; x_wconf 74' lang='lat' dir='ltr'><strong>lyr,</strong></span> <span class='ocrx_word' id='word_1_147' title='bbox 1366 3175 1439 3231; x_wconf 91' lang='lat' dir='ltr'><strong>tctr.</strong></span> 
     </span>
     <span class='ocr_line' id='line_1_18' title="bbox 162 3275 1439 3360; baseline 0.001 -21"><span class='ocrx_word' id='word_1_148' title='bbox 162 3279 269 3356; x_wconf 80' lang='lat' dir='ltr'><strong>iamb,</strong></span> <span class='ocrx_word' id='word_1_149' title='bbox 295 3281 366 3353; x_wconf 82' lang='lat' dir='ltr'><strong>tr.“,</strong></span> <span class='ocrx_word' id='word_1_150' title='bbox 392 3276 563 3360; x_wconf 88' lang='lat' dir='ltr'><strong>diligenter</strong></span> <span class='ocrx_word' id='word_1_151' title='bbox 586 3275 778 3358; x_wconf 85' lang='lat' dir='ltr'><strong>significavi,</strong></span> <span class='ocrx_word' id='word_1_152' title='bbox 802 3276 863 3338; x_wconf 91' lang='lat' dir='ltr'><strong>nisi</strong></span> <span class='ocrx_word' id='word_1_153' title='bbox 888 3275 975 3357; x_wconf 91' lang='lat' dir='ltr'><strong>quod</strong></span> <span class='ocrx_word' id='word_1_154' title='bbox 997 3277 1048 3352; x_wconf 91' lang='lat' dir='ltr'><strong>iis,</strong></span> <span class='ocrx_word' id='word_1_155' title='bbox 1062 3278 1117 3357; x_wconf 92' lang='lat' dir='ltr'><strong>qui</strong></span> <span class='ocrx_word' id='word_1_156' title='bbox 1136 3297 1175 3339; x_wconf 85' lang='lat' dir='ltr'><strong>ex</strong></span> <span class='ocrx_word' id='word_1_157' title='bbox 1193 3279 1344 3340; x_wconf 89' lang='lat' dir='ltr'><strong>trimetris</strong></span> <span class='ocrx_word' id='word_1_158' title='bbox 1358 3279 1439 3340; x_wconf 90' lang='lat' dir='ltr'><strong>iarn-</strong></span> 
     </span>
     <span class='ocr_line' id='line_1_19' title="bbox 161 3381 888 3467; baseline -0.007 -19"><span class='ocrx_word' id='word_1_159' title='bbox 161 3385 242 3448; x_wconf 91' lang='lat' dir='ltr'><strong>bicis</strong></span> <span class='ocrx_word' id='word_1_160' title='bbox 265 3383 357 3467; x_wconf 91' lang='lat' dir='ltr'><strong>petiti</strong></span> <span class='ocrx_word' id='word_1_161' title='bbox 383 3387 465 3460; x_wconf 92' lang='lat' dir='ltr'><strong>sunt,</strong></span> <span class='ocrx_word' id='word_1_162' title='bbox 490 3381 613 3443; x_wconf 90' lang='lat' dir='ltr'><strong>nullam</strong></span> <span class='ocrx_word' id='word_1_163' title='bbox 637 3386 748 3444; x_wconf 89' lang='lat' dir='ltr'><strong>notam</strong></span> <span class='ocrx_word' id='word_1_164' title='bbox 773 3381 888 3446; x_wconf 91' lang='lat' dir='ltr'><strong>adieci.</strong></span> 
     </span>
    </p>

    <p class='ocr_par' dir='ltr' id='par_1_5' title="bbox 158 3489 1437 4223">
     <span class='ocr_line' id='line_1_20' title="bbox 203 3489 1437 3574; baseline 0.001 -19"><span class='ocrx_word' id='word_1_165' title='bbox 203 3489 272 3555; x_wconf 85' lang='lat' dir='ltr'><strong>Nec</strong></span> <span class='ocrx_word' id='word_1_166' title='bbox 295 3492 410 3567; x_wconf 89' lang='lat' dir='ltr'><strong>minus,</strong></span> <span class='ocrx_word' id='word_1_167' title='bbox 429 3507 526 3570; x_wconf 90' lang='lat' dir='ltr'><strong>quam</strong></span> <span class='ocrx_word' id='word_1_168' title='bbox 543 3490 787 3571; x_wconf 86' lang='lat' dir='ltr'><strong>grammaticae,</strong></span> <span class='ocrx_word' id='word_1_169' title='bbox 805 3491 939 3554; x_wconf 92' lang='lat' dir='ltr'><strong>criticae</strong></span> <span class='ocrx_word' id='word_1_170' title='bbox 956 3510 1089 3574; x_wconf 88' lang='lat' dir='ltr'><strong>operam</strong></span> <span class='ocrx_word' id='word_1_171' title='bbox 1107 3490 1264 3571; x_wconf 89' lang='lat' dir='ltr'><strong>dedimus,</strong></span> <span class='ocrx_word' id='word_1_172' title='bbox 1280 3495 1437 3567; x_wconf 84' lang='lat' dir='ltr'><strong>maxime-</strong></span> 
     </span>
     <span class='ocr_line' id='line_1_21' title="bbox 161 3597 1437 3686; baseline 0.005 -26"><span class='ocrx_word' id='word_1_173' title='bbox 161 3618 222 3680; x_wconf 89' lang='lat' dir='ltr'><strong>que</strong></span> <span class='ocrx_word' id='word_1_174' title='bbox 245 3599 292 3661; x_wconf 93' lang='lat' dir='ltr'><strong>illi</strong></span> <span class='ocrx_word' id='word_1_175' title='bbox 316 3600 384 3661; x_wconf 90' lang='lat' dir='ltr'><strong>cius</strong></span> <span class='ocrx_word' id='word_1_176' title='bbox 407 3599 525 3681; x_wconf 84' lang='lat' dir='ltr'><strong>generi,</strong></span> <span class='ocrx_word' id='word_1_177' title='bbox 547 3597 634 3678; x_wconf 93' lang='lat' dir='ltr'><strong>quod</strong></span> <span class='ocrx_word' id='word_1_178' title='bbox 657 3599 691 3660; x_wconf 92' lang='lat' dir='ltr'><strong>in</strong></span> <span class='ocrx_word' id='word_1_179' title='bbox 715 3599 947 3682; x_wconf 84' lang='lat' dir='ltr'><strong>redarguendis</strong></span> <span class='ocrx_word' id='word_1_180' title='bbox 965 3599 1102 3663; x_wconf 91' lang='lat' dir='ltr'><strong>aliorum</strong></span> <span class='ocrx_word' id='word_1_181' title='bbox 1118 3603 1281 3666; x_wconf 89' lang='lat' dir='ltr'><strong>erroribus</strong></span> <span class='ocrx_word' id='word_1_182' title='bbox 1298 3621 1437 3686; x_wconf 88' lang='lat' dir='ltr'><strong>occupa·</strong></span> 
     </span>
     <span class='ocr_line' id='line_1_22' title="bbox 160 3702 1436 3789; baseline 0.006 -23"><span class='ocrx_word' id='word_1_183' title='bbox 160 3711 227 3768; x_wconf 93' lang='lat' dir='ltr'><strong>tum</strong></span> <span class='ocrx_word' id='word_1_184' title='bbox 252 3711 308 3769; x_wconf 92' lang='lat' dir='ltr'><strong>cst.</strong></span> <span class='ocrx_word' id='word_1_185' title='bbox 338 3702 438 3786; x_wconf 80' lang='lat' dir='ltr'><strong>,Cum</strong></span> <span class='ocrx_word' id='word_1_186' title='bbox 463 3705 548 3767; x_wconf 90' lang='lat' dir='ltr'><strong>enim</strong></span> <span class='ocrx_word' id='word_1_187' title='bbox 572 3705 674 3767; x_wconf 89' lang='lat' dir='ltr'><strong>multa</strong></span> <span class='ocrx_word' id='word_1_188' title='bbox 698 3706 732 3766; x_wconf 92' lang='lat' dir='ltr'><strong>in</strong></span> <span class='ocrx_word' id='word_1_189' title='bbox 755 3706 805 3767; x_wconf 92' lang='lat' dir='ltr'><strong>his</strong></span> <span class='ocrx_word' id='word_1_190' title='bbox 828 3706 947 3769; x_wconf 87' lang='lat' dir='ltr'><strong>fabulis</strong></span> <span class='ocrx_word' id='word_1_191' title='bbox 971 3709 1147 3789; x_wconf 87' lang='lat' dir='ltr'><strong>antiquitus</strong></span> <span class='ocrx_word' id='word_1_192' title='bbox 1180 3708 1300 3772; x_wconf 85' lang='lat' dir='ltr'><strong>tradita</strong></span> <span class='ocrx_word' id='word_1_193' title='bbox 1321 3709 1436 3774; x_wconf 90' lang='lat' dir='ltr'><strong>identi-</strong></span> 
     </span>
     <span class='ocr_line' id='line_1_23' title="bbox 161 3813 1436 3900; baseline 0.004 -24"><span class='ocrx_word' id='word_1_194' title='bbox 161 3813 232 3877; x_wconf 90' lang='lat' dir='ltr'><strong>dem</strong></span> <span class='ocrx_word' id='word_1_195' title='bbox 257 3814 371 3876; x_wconf 87' lang='lat' dir='ltr'><strong>vexari</strong></span> <span class='ocrx_word' id='word_1_196' title='bbox 395 3817 427 3875; x_wconf 91' lang='lat' dir='ltr'><strong>et</strong></span> <span class='ocrx_word' id='word_1_197' title='bbox 451 3813 637 3876; x_wconf 86' lang='lat' dir='ltr'><strong>criticorum</strong></span> <span class='ocrx_word' id='word_1_198' title='bbox 662 3813 820 3876; x_wconf 85' lang='lat' dir='ltr'><strong>arbitratu</strong></span> <span class='ocrx_word' id='word_1_199' title='bbox 844 3815 964 3878; x_wconf 88' lang='lat' dir='ltr'><strong>mutari</strong></span> <span class='ocrx_word' id='word_1_200' title='bbox 987 3815 1253 3900; x_wconf 85' lang='lat' dir='ltr'><strong>intelligeremus,</strong></span> <span class='ocrx_word' id='word_1_201' title='bbox 1286 3837 1370 3899; x_wconf 88' lang='lat' dir='ltr'><strong>quae</strong></span> <span class='ocrx_word' id='word_1_202' title='bbox 1395 3819 1436 3882; x_wconf 89' lang='lat' dir='ltr'><strong>ad</strong></span> 
     </span>
     <span class='ocr_line' id='line_1_24' title="bbox 159 3921 1435 4007; baseline 0.005 -25"><span class='ocrx_word' id='word_1_203' title='bbox 159 3921 314 3984; x_wconf 89' lang='lat' dir='ltr'><strong>sermonis</strong></span> <span class='ocrx_word' id='word_1_204' title='bbox 336 3939 458 3984; x_wconf 94' lang='lat' dir='ltr'><strong>morem</strong></span> <span class='ocrx_word' id='word_1_205' title='bbox 483 3927 515 3982; x_wconf 90' lang='lat' dir='ltr'><strong>et</strong></span> <span class='ocrx_word' id='word_1_206' title='bbox 536 3926 654 4003; x_wconf 90' lang='lat' dir='ltr'><strong>poetae</strong></span> <span class='ocrx_word' id='word_1_207' title='bbox 679 3922 942 3986; x_wconf 88' lang='lat' dir='ltr'><strong>consuetudinem</strong></span> <span class='ocrx_word' id='word_1_208' title='bbox 976 3925 1127 3988; x_wconf 88' lang='lat' dir='ltr'><strong>referenti</strong></span> <span class='ocrx_word' id='word_1_209' title='bbox 1157 3923 1318 3988; x_wconf 87' lang='lat' dir='ltr'><strong>vindicari</strong></span> <span class='ocrx_word' id='word_1_210' title='bbox 1340 3944 1435 4007; x_wconf 88' lang='lat' dir='ltr'><strong>posse</strong></span> 
     </span>
     <span class='ocr_line' id='line_1_25' title="bbox 158 4026 1435 4117; baseline 0.007 -31"><span class='ocrx_word' id='word_1_211' title='bbox 158 4026 355 4104; x_wconf 87' lang='lat' dir='ltr'><strong>viderentur,</strong></span> <span class='ocrx_word' id='word_1_212' title='bbox 379 4045 443 4117; x_wconf 85' lang='lat' dir='ltr'><strong>qon</strong></span> <span class='ocrx_word' id='word_1_213' title='bbox 466 4027 582 4091; x_wconf 91' lang='lat' dir='ltr'><strong>inutile</strong></span> <span class='ocrx_word' id='word_1_214' title='bbox 606 4047 674 4092; x_wconf 90' lang='lat' dir='ltr'><strong>esse</strong></span> <span class='ocrx_word' id='word_1_215' title='bbox 696 4030 892 4110; x_wconf 89' lang='lat' dir='ltr'><strong>putabamus</strong></span> <span class='ocrx_word' id='word_1_216' title='bbox 913 4031 1086 4094; x_wconf 90' lang='lat' dir='ltr'><strong>nonnullos</strong></span> <span class='ocrx_word' id='word_1_217' title='bbox 1121 4033 1188 4094; x_wconf 91' lang='lat' dir='ltr'><strong>eius</strong></span> <span class='ocrx_word' id='word_1_218' title='bbox 1222 4032 1310 4095; x_wconf 93' lang='lat' dir='ltr'><strong>modi</strong></span> <span class='ocrx_word' id='word_1_219' title='bbox 1346 4032 1435 4096; x_wconf 88' lang='lat' dir='ltr'><strong>locos</strong></span> 
     </span>
     <span class='ocr_line' id='line_1_26' title="bbox 158 4131 1185 4223; baseline 0.006 -28"><span class='ocrx_word' id='word_1_220' title='bbox 158 4131 329 4216; x_wconf 87' lang='lat' dir='ltr'><strong>explicatis</strong></span> <span class='ocrx_word' id='word_1_221' title='bbox 349 4134 530 4197; x_wconf 88' lang='lat' dir='ltr'><strong>rationibus</strong></span> <span class='ocrx_word' id='word_1_222' title='bbox 555 4133 755 4218; x_wconf 87' lang='lat' dir='ltr'><strong>disceptare“</strong></span> <span class='ocrx_word' id='word_1_223' title='bbox 783 4136 827 4218; x_wconf 85' lang='lat' dir='ltr'><strong>(V</strong></span> <span class='ocrx_word' id='word_1_224' title='bbox 829 4136 938 4200; x_wconf 87' lang='lat' dir='ltr'><strong>ahleni</strong></span> <span class='ocrx_word' id='word_1_225' title='bbox 961 4140 1064 4204; x_wconf 87' lang='lat' dir='ltr'><strong>verba</strong></span> <span class='ocrx_word' id='word_1_226' title='bbox 1087 4140 1185 4223; x_wconf 85' lang='lat' dir='ltr'><strong>sunt).</strong></span> 
     </span>
    </p>

    <p class='ocr_par' dir='ltr' id='par_1_6' title="bbox 155 4238 1433 4650">
     <span class='ocr_line' id='line_1_27' title="bbox 201 4238 1433 4330; baseline 0.011 -28"><span class='ocrx_word' id='word_1_227' title='bbox 201 4239 240 4302; x_wconf 91' lang='lat' dir='ltr'><strong>In</strong></span> <span class='ocrx_word' id='word_1_228' title='bbox 263 4238 343 4302; x_wconf 92' lang='lat' dir='ltr'><strong>locis</strong></span> <span class='ocrx_word' id='word_1_229' title='bbox 368 4241 538 4305; x_wconf 84' lang='lat' dir='ltr'><strong>afferendis</strong></span> <span class='ocrx_word' id='word_1_230' title='bbox 561 4250 689 4308; x_wconf 88' lang='lat' dir='ltr'><strong>secutus</strong></span> <span class='ocrx_word' id='word_1_231' title='bbox 713 4265 782 4308; x_wconf 92' lang='lat' dir='ltr'><strong>sum</strong></span> <span class='ocrx_word' id='word_1_232' title='bbox 806 4245 839 4306; x_wconf 92' lang='lat' dir='ltr'><strong>in</strong></span> <span class='ocrx_word' id='word_1_233' title='bbox 862 4245 1046 4326; x_wconf 85' lang='lat' dir='ltr'><strong>Equitibus,</strong></span> <span class='ocrx_word' id='word_1_234' title='bbox 1078 4247 1433 4330; x_wconf 83' lang='lat' dir='ltr'><strong>Thesmophoriazusis,</strong></span> 
     </span>
     <span class='ocr_line' id='line_1_28' title="bbox 155 4341 1432 4436; baseline 0.01 -29"><span class='ocrx_word' id='word_1_235' title='bbox 155 4343 270 4420; x_wconf 86' lang='lat' dir='ltr'><strong>Renis,</strong></span> <span class='ocrx_word' id='word_1_236' title='bbox 290 4341 535 4426; x_wconf 80' lang='lat' dir='ltr'><strong>Ecclesiazusis,</strong></span> <span class='ocrx_word' id='word_1_237' title='bbox 559 4348 655 4412; x_wconf 92' lang='lat' dir='ltr'><strong>Pluto</strong></span> <span class='ocrx_word' id='word_1_238' title='bbox 679 4349 863 4428; x_wconf 85' lang='lat' dir='ltr'><strong>Valsenum,</strong></span> <span class='ocrx_word' id='word_1_239' title='bbox 880 4351 915 4413; x_wconf 91' lang='lat' dir='ltr'><strong>in</strong></span> <span class='ocrx_word' id='word_1_240' title='bbox 931 4352 1065 4434; x_wconf 90' lang='lat' dir='ltr'><strong>reliquis</strong></span> <span class='ocrx_word' id='word_1_241' title='bbox 1080 4352 1198 4417; x_wconf 84' lang='lat' dir='ltr'><strong>fabulis</strong></span> <span class='ocrx_word' id='word_1_242' title='bbox 1215 4353 1432 4436; x_wconf 85' lang='lat' dir='ltr'><strong>Meinckcum,</strong></span> 
     </span>
     <span class='ocr_line' id='line_1_29' title="bbox 158 4451 1431 4542; baseline 0.009 -28"><span class='ocrx_word' id='word_1_243' title='bbox 158 4453 190 4514; x_wconf 92' lang='lat' dir='ltr'><strong>in</strong></span> <span class='ocrx_word' id='word_1_244' title='bbox 213 4451 397 4534; x_wconf 82' lang='lat' dir='ltr'><strong>fragmentis</strong></span> <span class='ocrx_word' id='word_1_245' title='bbox 420 4452 593 4518; x_wconf 90' lang='lat' dir='ltr'><strong>Kockium.</strong></span> <span class='ocrx_word' id='word_1_246' title='bbox 619 4456 712 4520; x_wconf 87' lang='lat' dir='ltr'><strong>Alias</strong></span> <span class='ocrx_word' id='word_1_247' title='bbox 736 4476 865 4540; x_wconf 89' lang='lat' dir='ltr'><strong>quoque</strong></span> <span class='ocrx_word' id='word_1_248' title='bbox 890 4458 1048 4524; x_wconf 88' lang='lat' dir='ltr'><strong>editiones</strong></span> <span class='ocrx_word' id='word_1_249' title='bbox 1084 4461 1239 4524; x_wconf 87' lang='lat' dir='ltr'><strong>consului:</strong></span> <span class='ocrx_word' id='word_1_250' title='bbox 1276 4461 1431 4542; x_wconf 86' lang='lat' dir='ltr'><strong>Bekkeri,</strong></span> 
     </span>
     <span class='ocr_line' id='line_1_30' title="bbox 156 4557 1428 4650; baseline 0.011 -30"><span class='ocrx_word' id='word_1_251' title='bbox 156 4557 303 4640; x_wconf 84' lang='lat' dir='ltr'><strong>Bergkii,</strong></span> <span class='ocrx_word' id='word_1_252' title='bbox 327 4558 503 4642; x_wconf 74' lang='lat' dir='ltr'><strong>Blaydesii,</strong></span> <span class='ocrx_word' id='word_1_253' title='bbox 528 4561 688 4628; x_wconf 90' lang='lat' dir='ltr'><strong>Dindorfii</strong></span> <span class='ocrx_word' id='word_1_254' title='bbox 717 4566 862 4648; x_wconf 86' lang='lat' dir='ltr'><strong>(Parisiis</strong></span> <span class='ocrx_word' id='word_1_255' title='bbox 897 4567 984 4650; x_wconf 91' lang='lat' dir='ltr'><strong>apud</strong></span> <span class='ocrx_word' id='word_1_256' title='bbox 1019 4567 1174 4631; x_wconf 91' lang='lat' dir='ltr'><strong>Didotum</strong></span> <span class='ocrx_word' id='word_1_257' title='bbox 1211 4589 1239 4630; x_wconf 89' lang='lat' dir='ltr'><strong>a.</strong></span> <span class='ocrx_word' id='word_1_258' title='bbox 1279 4572 1362 4632; x_wconf 84' lang='grc'><strong>1884</strong></span> <span class='ocrx_word' id='word_1_259' title='bbox 1400 4581 1428 4636; x_wconf 85' lang='lat' dir='ltr'><strong>et</strong></span> 
     </span>
    </p>
   </div>
   <div class='ocr_carea' id='block_1_5' title="bbox 0 0 1738 5406">
    <p class='ocr_par' dir='ltr' id='par_1_7' title="bbox 0 0 1738 5406">
     <span class='ocr_line' id='line_1_31' title="bbox 0 0 1738 5406; baseline 0 3"><span class='ocrx_word' id='word_1_260' title='bbox 0 0 1738 5406; x_wconf 95' lang='lat' dir='ltr'><strong> </strong></span> 
     </span>
    </p>
   </div>
  </div>
 </body>
</html>
