3466 5406
866 459 1020 516 ...6-

296 614 366 677 τίαν
393 633 486 692 „cum
510 615 605 694 emi“‚
629 633 694 678 non
720 621 912 696 „postquam
952 616 1048 678 emi“.
1083 614 1202 696 Lysiae
1239 636 1284 678 or.
1313 622 1341 696 7,
1368 623 1385 680 5
1414 619 1521 695 ἐπειδὴ
1546 620 1590 681 τὸ

296 722 718 800 χωρίονέκτησάμην,
745 718 811 786 οὔτ’
837 724 928 786 ἐλαία
953 723 1026 786 οὔτε
1062 725 1164 801 σηκὸς
1200 726 1275 800 ἐνῆν
1316 728 1351 790 ἐν
1389 725 1488 809 αὐτῷ.
1521 726 1591 807 (De

234 911 240 920 ,
297 829 446 909 optativo
471 830 518 890 ita
540 831 647 911 posito
673 829 790 906 dicam,
817 849 889 892 cum
915 829 1123 892 condiciones
1148 832 1319 936 optativae⁸
1336 832 1511 913 tractabo),

343 952 377 1036 2)
403 952 498 1016 Adde
523 954 612 1034 quod
634 956 800 1036 praesent-i
825 955 909 1018 coni.
932 956 1098 1017 rarissime
1122 957 1207 1017 aetio
1240 956 1440 1037 praecedens
1478 959 1589 1038 expri-

246 1053 249 1060 '
296 1059 405 1135 mitur,
430 1061 487 1123 ubi
512 1061 701 1142 temporalis
725 1061 808 1123 ratio
833 1060 1057 1142 praedicanda
1095 1067 1152 1138 est,
1188 1066 1224 1128 ut
1259 1081 1357 1142 supra
1394 1062 1471 1124 dixi.
1498 1060 1588 1142 Quin

297 1165 398 1226 etiam
422 1166 456 1226 in
480 1168 665 1246 enuntiatis,
690 1185 775 1246 quae
792 1186 819 1228 a
851 1167 1016 1248 particula
1050 1168 1125 1244 πρίν
1162 1167 1330 1247 ducuntur,
1366 1169 1585 1250 praecedente

297 1271 453 1352 negativa
476 1274 646 1351 sententia,
672 1291 870 1352 quamquam
895 1272 934 1336 οὐ
959 1275 1237 1351 πρότερον-πρίν
1265 1275 1333 1336 fere
1368 1281 1581 1356 „postquam“

297 1375 395 1448 valet,
422 1381 531 1439 tamen
554 1379 718 1459 praesenti
747 1379 830 1442 coni.
870 1379 1080 1460 significatur,
1113 1381 1243 1442 initium
1278 1381 1411 1460 quidem
1447 1383 1587 1459 actionis

298 1485 500 1560 antecedere,
526 1486 583 1549 sed
606 1487 711 1569 ipsam
735 1487 897 1550 actionem
922 1493 1230 1568 contemporaneam
1254 1507 1332 1562 esse,
1357 1494 1393 1550 ut
1410 1489 1496 1571 apud
1517 1489 1591 1551 An·-

192 1637 198 1648 .
297 1592 479 1673 tiphontem
505 1591 609 1676 (l,t9)
647 1593 1004 1671 οἱ-ἑπιβουλευόμενοι
1038 1592 1135 1659 οὐδὲν
1170 1595 1263 1658 ἰ’σασι
1301 1597 1374 1673 πρίν
1409 1596 1436 1673 γ’
1464 1597 1524 1674 ἤδη
1550 1597 1585 1660 ἐν

297 1698 384 1780 αὐτῷ
410 1698 472 1762 ὧσι
493 1705 539 1781 τῷ
565 1705 650 1781 κακῷ
680 1701 846 1778 „homines
872 1705 938 1762 tum
975 1701 1105 1764 demum
1140 1702 1276 1765 insidias
1311 1703 1373 1766 sibi
1410 1705 1490 1765 strui
1513 1721 1611 1786 sen-4

297 1806 391 1881 liunt,
417 1824 491 1867 cum
515 1807 582 1868 iam
606 1807 735 1888 inipso
759 1807 946 1869 calamitate
981 1811 1152 1870 versantur
1181 1812 1271 1884 (nonz
1304 1814 1478 1890 postquam
1506 1829 1585 1871 rer·

298 1913 361 1974 sati
384 1914 505 1993 sunt)“.

344 2037 436 2120 Quae
461 2059 533 2102 cum
558 2043 604 2103 ita
629 2043 701 2119 sint,
727 2043 767 2105 de
792 2044 1073 2106 coniunctivorum
1097 2065 1157 2106 usu
1180 2046 1214 2106 in
1238 2045 1404 2106 sententiis
1422 2049 1590 2124 tempora·

297 2147 395 2224 libus,
422 2146 713 2226 condicionalibus‚
737 2148 886 2212 relativis
908 2151 992 2213 haec
1012 2156 1190 2232 praecepta
1215 2149 1370 2213 dederim.

350 2378 576 2446 Coniunctious
600 2382 715 2445 coristi
740 2382 870 2446 easdem
893 2383 994 2446 habet
1021 2384 1286 2465 significationes,
1302 2402 1382 2464 quas
1400 2381 1499 2444 ceteri
1515 2381 1585 2442 eius

299 2489 399 2552 modi.
423 2489 591 2553 Naturalis
617 2494 725 2552 autem
747 2495 779 2552 et
801 2490 993 2572 principalis
1016 2490 1066 2551 vis
1091 2492 1203 2552 aoristi
1227 2511 1267 2553 ea
1290 2495 1348 2567 est,
1364 2495 1400 2551 ut
1415 2488 1590 2570 significet,

300 2595 427 2677 aliquid
450 2597 571 2660 factum
596 2598 665 2659 sive
690 2597 732 2660 ad
757 2598 853 2659 finem
878 2597 1055 2660 adductum
1080 2617 1158 2660 esse.
1183 2595 1250 2659 Fac
1287 2599 1396 2679 igitur,
1423 2597 1585 2658 actionem

299 2723 368 2768 esse
391 2703 512 2767 lineam
536 2706 780 2787 geometricam:
807 2705 927 2768 acrisio
952 2705 1114 2768 indicatur
1138 2711 1194 2766 aut
1205 2710 1361 2785 punctum
1378 2704 1447 2766 eius
1466 2703 1589 2780 lineae,

298 2813 421 2875 nullam
446 2811 682 2893 longitudinem
706 2812 840 2894 habens,
866 2816 922 2872 aut
957 2817 1026 2873 tota
1062 2811 1160 2887 linea,
1185 2811 1279 2890 quasi
1315 2811 1349 2871 in
1385 2829 1484 2870 unum
1509 2828 1588 2871 con-

299 2923 413 2982 tracta.
436 2916 532 2999 Quod
554 2924 709 3000 punctum
732 2938 791 3000 pro
816 2919 917 2999 ipsius
940 2920 1034 2981 verbi
1058 2922 1174 2980 natura
1197 2922 1304 2998 potest
1328 2935 1396 2979 esse
1430 2921 1486 2978 aut
1508 2916 1588 2977 ulti-

298 3047 396 3104 mum,
423 3026 511 3107 quod
534 3027 672 3108 saepius,
698 3031 734 3088 ut
757 3026 1040 3103 ἐποίησαεβσαί,
1064 3025 1096 3088 h.
1123 3045 1149 3089 e.
1174 3043 1244 3087 rem
1261 3025 1303 3088 ad
1318 3026 1415 3087 finem
1431 3024 1583 3106 perduxi,

299 3140 356 3197 aut
377 3136 529 3216 primum,
556 3133 643 3214 quod
666 3134 781 3210 rarius,
805 3139 840 3196 ut
864 3133 1060 3212 ἐβασίλευσα
1085 3137 1180 3216 coepi
1213 3153 1361 3216 regnare.
1393 3133 1484 3195 Haec
1519 3131 1587 3194 duo

299 3242 412 3304 aoristi
434 3260 555 3324 genera
579 3240 746 3302 simillima
770 3246 843 3303 sunt
867 3240 993 3304 duobus
1016 3242 1152 3322 perfecti
1176 3242 1357 3323 generibus,
1387 3242 1428 3304 ab
1453 3240 1586 3302 Alienis

299 3349 452 3410 indicatis
477 3347 509 3431 (β
534 3347 636 3430 20‚1);
662 3353 759 3428 atque
784 3349 867 3411 coni.
893 3349 1006 3411 aoristi
1042 3349 1075 3410 in
1111 3350 1151 3410 iis
1181 3349 1365 3425 enuntiatis,
1402 3346 1588 3426 dequibus

299 3458 416 3538 agitur,
443 3455 525 3516 nihil
549 3456 615 3518 fere
641 3454 748 3518 differt
771 3475 791 3516 a
815 3456 899 3518 coni.
924 3456 1059 3538 perfecti
1084 3457 1180 3536 (haec
1205 3475 1272 3518 esse
1297 3475 1395 3518 eausa
1429 3453 1511 3516 mihi
1533 3454 1584 3512 vi-

303 3563 405 3640 detur,
433 3583 490 3625 cur
514 3565 597 3626 coni.
621 3563 701 3644 perf.
727 3564 761 3624 in
785 3565 830 3625 iis'
848 3563 1012 3626 rarissime
1035 3563 1230 3645 usurpetur):
1255 3564 1377 3643 itaque,
1402 3568 1438 3624 ut
1461 3564 1493 3623 in
1509 3580 1586 3642 per-

298 3671 382 3733 fecto
406 3669 504 3733 modo
528 3671 687 3751 positivus
712 3676 846 3732 eventus
870 3671 990 3733 eminet
1024 3671 1074 3751 (ut
1092 3672 1238 3747 κέκτημαι
1262 3671 1587 3750 „acquisiviznunc

293 3778 456 3861 'habeo“)‚
480 3777 578 3840 modo
603 3779 775 3860 negativus
800 3779 850 3860 (ut
876 3779 1006 3855 βεβίωκε
1035 3779 1270 3856 „vixitznon
1294 3780 1361 3839 iam
1395 3772 1504 3862 vivit),
1539 3777 1585 3837 ita

290 3867 332 3949 ¹in
359 3888 442 3951 coni.
468 3886 591 3968 aoristi,
615 3890 651 3946 ut
677 3884 756 3949 ὅταν
773 3887 901 3962 ποιήσω
926 3906 1017 3964 „cum
1034 3885 1199 3948 fecero:
1214 3905 1285 3948 cum
1303 3886 1409 3947 facere
1424 3883 1587 3960 desier0“,

299 3995 376 4059 ὅταν
400 3994 587 4070 ἐπιθυμήσω
615 4012 708 4070 „cum
733 3994 928 4074 concupiero
943 4019 987 4049 =
1001 4012 1072 4054 cum
1091 3994 1253 4073 cupiam“.
1273 3992 1398 4072 ltaque,
1417 3992 1500 4054 coni.
1515 4011 1585 4056 aar.

299 4103 433 4166 indicat:

348 4228 379 4308 l)
404 4227 587 4304 Actionem,
613 4226 734 4288 nullam
760 4225 1005 4288 diuturnitatem
1030 4194 1212 4302 habentem,
1244 4244 1327 4306 quae
1355 4226 1420 4286 iam
1436 4224 1589 4289 absoluta.

298 4339 570 4418 repraesentatur;

330 4463 379 4544 Ι2)
403 4463 533 4526 initium
559 4461 697 4523 alicuius
721 4465 823 4523 status
846 4459 900 4522 vel
925 4458 1135 4536 condicionis,
1160 4460 1238 4521 item
1266 4456 1389 4519 nullam
1427 4456 1587 4520 diuturni-

299 4573 398 4633 tatem
430 4570 565 4644 habeus;
