3446 5396
837 436 1036 498 -176-

341 592 386 662 Ηί
409 597 474 660 1οοί
497 595 579 660 illud
604 613 772 658 commune
792 595 923 673 habent,
951 589 1038 677 duod
1060 601 1197 677 uterque
1234 601 1281 660 est
1316 597 1349 659 in
1386 597 1577 678 quaestione

299 707 331 767 et
352 699 579 787 praedicatum
602 703 703 765 habet
726 703 862 766 verbum
884 703 1011 786 primae
1033 719 1201 786 personae.
1215 702 1295 766 Inde
1309 704 1445 780 conicio,
1462 721 1577 784 quam·

298 823 396 893 quam
419 831 479 895 pro
505 816 685 874 certarem
708 810 879 874 venditare
903 830 968 874 non
992 811 1108 888 audeo,
1135 811 1333 876 coniunctiri
1349 829 1481 875 oausam
1506 829 1574 874 esse

296 921 391 983 hanc.
415 919 493 998 Fac,
518 919 692 983 relativum
718 919 917 983 enuntiatum
951 917 1058 996 finale,
1094 925 1130 982 ut
1163 919 1201 984 P.
1226 921 1290 983 938
1314 924 1416 997 ποριῶ
1454 919 1569 997 βωμόν,

297 1027 351 1110 ἐφ’
376 1027 455 1094 ὅτου
481 1030 633 1122 θύσομεν,
658 1029 692 1092 in
714 1028 906 1111 primarium
929 1033 1090 1093 mutatum
1114 1047 1192 1107 esse;
1229 1029 1292 1092 hoc
1326 1028 1441 1111 procul
1472 1027 1571 1092 dubio

297 1139 344 1200 ita
367 1138 505 1200 sonabit:
529 1142 632 1215 ποριῶ
658 1140 776 1215 βωμόν·
802 1136 943 1212 θύσομεν
968 1136 1015 1202 ἐπ’
1039 1136 1148 1201 αὐτοῦ.
1174 1136 1266 1199 idem
1288 1137 1406 1200 nostris
1430 1135 1510 1198 locis
1524 1134 1574 1195 fa-

296 1246 428 1322 ciamus;
452 1243 645 1309 habebimus
681 1242 794 1305 altero:
830 1239 1053 1321 τίν’-ἥκεις;
1093 1245 1142 1307 ἐπὶ
1176 1250 1221 1326 τῷ
1257 1246 1415 1321 κνισῶμεν
1450 1241 1573 1317 ἀγοιάς;

235 1378 238 1386 2
296 1351 408 1414 altero:
439 1351 834 1429 πόθεν-μυριάμφορον;
858 1355 901 1432 τῷ
927 1350 984 1432 (sc.
1011 1349 1136 1432 ῥήματι)
1166 1351 1332 1428 προσείπω
1350 1366 1399 1426 σε;
1416 1346 1575 1411 Videmus
1635 1433 1637 1438 Ι

294 1439 405 1540 igilur,
431 1459 511 1522 alibi
533 1459 612 1540 poni
635 1458 788 1533 futurum,
814 1455 902 1537 quod
924 1457 956 1518 in
979 1457 1085 1520 libera
1104 1458 1264 1521 sententia
1278 1452 1464 1538 ponendum
1479 1448 1575 1527 eiset3

294 1565 347 1627 bic
371 1564 486 1629 eadem
511 1565 550 1629 de
575 1584 673 1627 causa
694 1565 773 1645 poni
797 1565 1039 1627 coniunctivum
1064 1565 1322 1646 (dubitativum).
1353 1564 1509 1628 Similiter
1525 1561 1575 1625 di-

295 1673 378 1735 eitur
402 1671 465 1752 ἔχιν
492 1669 509 1733 ὅ
535 1693 562 1735 τι
588 1669 665 1735 εἴπω
689 1667 876 1750 (Goodwin.
903 1670 980 1753 572)
1015 1677 1149 1754 μιαρίαν
1183 1673 1373 1734 memoriam
1406 1669 1571 1753 quandam

293 1780 495 1842 coniunctivi
519 1781 554 1840 in
577 1779 604 1842 τί
629 1779 718 1855 εἴπω;
744 1784 842 1858 atque
867 1778 965 1841 etiam
988 1780 1036 1840 ita
1065 1779 1246 1860 explicatur
1281 1780 1503 1844 coniunctivus
1539 1778 1573 1840 in

295 1881 355 1951 οὐιι
380 1887 444 1966 ἔχω
470 1886 616 1965 σόφισμ’,
643 1883 709 1966 ὅτῳ
734 1885 907 1962 ἀπαλλαγῶ
940 1885 1057 1950 Aesoh.
1093 1887 1201 1949 Prom.
1226 1889 1316 1964 470,
1340 1877 1436 1969 quem
1462 1887 1573 1949 locum

294 1992 496 2059 Goodwinus
522 1993 552 2076 (ὅ
578 1994 655 2075 677)
681 1993 833 2076 analogia
855 1994 1030 2057 locutionis
1050 1993 1108 2057 οὐκ
1133 1995 1195 2073 ἔχω
1219 1995 1245 2058 τί
1269 1995 1352 2070 λέγω
1375 1995 1457 2059 falso
1488 1995 1570 2057 mihi

292 2100 425 2166 videtur
449 2101 695 2182 quaestionibus
718 2099 886 2164 indirectis
912 2121 1134 2165 annumerare:
1159 2102 1244 2164 inter
1268 2120 1351 2182 quae
1381 2101 1494 2164 eadem
1517 2121 1575 2164 ra·

292 2210 337 2271 tio
363 2209 544 2285 intercedit,
571 2227 655 2289 quae
681 2213 728 2272 est
750 2207 866 2272 Latine
889 2209 976 2272 inter
1003 2228 1085 2288 „non
1108 2211 1213 2272 habeo
1240 2209 1337 2290 quid“
1365 2213 1397 2271 et
1414 2228 1498 2286 ,non
1512 2211 1574 2270 ha-

291 2318 351 2380 beo
378 2315 497 2396 quod“.
524 2315 587 2378 Sed
610 2315 788 2393 videamus,
815 2335 898 2396 quae
934 2317 975 2378 sit
1008 2318 1222 2400 interpretum
1257 2316 1296 2380 de
1332 2322 1469 2396 utroque
1496 2315 1574 2378 loco

291 2423 459 2486 sententia.
483 2421 534 2485 De
556 2403 712 2505 Ebuitum
736 2442 832 2486 versu
856 2422 1002 2485 Kockius
1027 2423 1159 2504 aliique,
1183 2428 1301 2501 tacent,
1326 2423 1424 2503 idque
1438 2429 1574 2505 propte-

289 2549 360 2606 rea,
387 2529 494 2606 credo,
520 2529 607 2611 quod
632 2533 788 2607 κνισῶμεν
808 2549 867 2612 pro
892 2529 1072 2593 indicativo
1108 2529 1283 2612 accipiunt.
1316 2531 1360 2596 At
1390 2529 1571 2593 indicativo

288 2655 394 2719 praes.
420 2637 472 2698 hio
495 2635 620 2699 nullum
644 2656 712 2700 esse
735 2635 854 2714 locum,
879 2655 987 2700 sensus
1012 2637 1117 2700 docet:
1141 2637 1283 2700 nondum
1320 2639 1405 2700 enim
1438 2635 1573 2719 replent

288 2743 414 2825 plateas
437 2743 563 2824 nidore,
589 2745 742 2825 quoniam
768 2762 851 2824 quae
875 2745 916 2806 sit
932 2744 990 2806 illa
1006 2743 1192 2807 bonafama
1208 2745 1364 2821 nesciunt,
1383 2744 1439 2806 sed
1456 2744 1570 2806 audita

286 2847 413 2931 replere
437 2855 570 2934 paratos
595 2870 628 2912 se
653 2869 721 2912 esse
746 2850 866 2913 dicunt:
895 2869 1089 2931 „quamnam
1113 2852 1218 2913 serens
1241 2851 1361 2912 bonam
1378 2850 1499 2910 samam
1513 2867 1566 2911 ve·

286 2957 372 3035 nisti,
398 2960 438 3021 ob
461 2976 558 3038 quam
581 2956 708 3040 plateas
731 2957 845 3022 nidore
857 2956 1075 3039 repleamus?“
1090 2958 1150 3021 Est
1167 2958 1267 3038 igitur
1284 2959 1345 3019 hoe
1365 2956 1567 3018 enuntiatum

288 3065 461 3128 relativum
485 3063 592 3142 finale,
619 3063 855 3145 dicendumque
880 3070 950 3127 erat
967 3064 1171 3142 κνισήσομεν.
1189 3063 1227 3126 Ιιι
1242 3065 1339 3128 Pacis
1355 3082 1449 3126 versu
1467 3063 1569 3143 Βίαν-

289 3173 405 3249 deeius,
430 3173 670 3236 coniunctivum
695 3191 790 3252 aegre
828 3171 942 3249 ferens,
967 3173 1131 3253 quoniam,
1163 3171 1379 3254 praecedente
1419 3171 1569 3251 optativo

289 3278 362 3344 cuin
387 3281 436 3357 ἄν,
461 3282 495 3341 in
518 3281 679 3342 sententia
702 3277 841 3341 relativa
865 3287 897 3342 et
919 3281 991 3364 ipsa
1013 3289 1148 3361 propter
1172 3281 1437 3344 assimilationem
1476 3277 1569 3342 modi

289 3388 643 3472 optativusponendus
679 3393 749 3450 erat
785 3386 829 3469 (r.
853 3407 885 3469 p.
916 3389 1004 3472 167),
1019 3407 1110 3471 -pro
1147 3389 1365 3464 coniunctius,
1402 3405 1498 3468 quem
1528 3405 1570 3450 ex

290 3517 320 3559 v.
347 3499 410 3560 520
435 3495 562 3558 illatum
588 3513 655 3559 esse
680 3495 871 3576 suspicatur,
897 3501 953 3556 aut
980 3492 1049 3580 ὅτῳ
1071 3495 1273 3574 προσείποιμ’
1309 3495 1358 3577 (ut
1390 3495 1428 3557 σε’
1453 3493 1569 3558 audia-

288 3603 352 3687 tur)
378 3610 433 3667 aut
458 3603 476 3665 ὅ
501 3626 528 3669 τι
552 3601 753 3682 προσείποιμ’
777 3604 949 3687 legendum
971 3606 1132 3688 proponit.
1160 3604 1224 3669 Sed
1238 3606 1295 3668 Ar.
1314 3605 1448 3668 fortasse
1465 3625 1566 3689 prop·

287 3721 377 3778 terea
401 3713 459 3776 illa
483 3714 715 3777 assimilatione
738 3733 803 3776 nou
826 3734 901 3777 usus
926 3717 982 3791 est,
1009 3714 1103 3794 quod·
1122 3715 1192 3796 ipse
1229 3717 1392 3797 optativus
1428 3733 1500 3776 cum
1526 3713 1566 3778 dv

286 3823 351 3900 hic,
375 3829 411 3885 ut
433 3841 541 3904 saepe,
566 3820 786 3885 condicionali
809 3824 843 3883 vi
879 3827 1056 3897 attenuata,
1093 3820 1180 3884 idem
1216 3823 1282 3885 tere
1317 3821 1404 3885 valet
1427 3840 1465 3884 ac
1491 3840 1568 3884 oon·

286 3931 445 3993 iunctivus
469 3927 670 3992 dubitativus
695 3927 739 4012 (v.
765 3925 939 3993 Goodwin.
965 3931 981 4010 ξ
1007 3931 1114 4006 2923.
1139 3929 1259 4011 Krueg.
1287 3935 1337 4006 54,
1364 3933 1393 4008 3,
1419 3931 1463 4011 9).

333 4035 425 4118 Quae
449 4039 475 4100 si
498 4039 544 4099 ita
567 4043 649 4113 sunt,
674 4037 753 4100 salso
779 4037 971 4118 Blapdesius
995 4039 1027 4098 in
1050 4037 1336 4114 Η.1055τοῑς-
1350 4017 1572 4114 παιδαρίοισιν

289 4147 356 4212 ἔστι
380 4150 582 4225 διδάσκαλος,
608 4145 835 4224 ὅστιςφράῑει
858 4165 917 4227 pro
944 4148 1058 4226 φρὸιῑει
1083 4149 1325 4211 coniunctivum
1362 4150 1465 4230 φράζῃ
1491 4149 1567 4212 sub·

286 4257 375 4320 stitui
399 4257 498 4319 iubet:
523 4275 598 4318 narn
623 4254 691 4330 Ar,
715 4256 743 4316 si
766 4251 851 4318 idern
884 4253 970 4333 quod
1005 4253 1205 4335 Blaydesius,
1248 4257 1411 4332 voluisset,
1445 4257 1567 4332 φράσει

288 4363 429 4441 dixissen
453 4363 509 4426 sed
534 4363 577 4440 id,
603 4362 690 4444 quod
713 4361 852 4441 scripsit,
878 4361 923 4422 ita
947 4349 1047 4424 uerte:
1076 4364 1203 4443 ,pueris
1229 4371 1275 4425 est
1307 4365 1470 4446 magister,
1505 4363 1563 4442 qui

289 4469 415 4548 dooet‘ss
440 4489 513 4534 non:
542 4471 618 4551 ,qui
642 4469 789 4532 doceat··'.
