3468 5390
842 447 1045 511 -108-

342 609 382 670 Ε.
407 609 469 670 609
496 607 564 692 (tr.)
589 610 760 684 δεινά,-εἰ
783 611 855 690 μηδ’
880 610 914 674 ἐν
940 613 1026 691 βυθῷ
1051 610 1233 687 δυνήσομαι
1267 609 1344 687 μήτε
1371 615 1410 693 γῇ
1449 607 1517 687 μήτ’
1540 607 1573 672 ἐν

299 716 435 798 θαλάττῃ
460 719 628 795 διαφυγεῖν
650 718 727 794 τοὺς
751 716 876 794 ἱππέας.
901 715 975 779 Duo
999 722 1073 780 sunt
1107 717 1141 778 in
1175 715 1235 792 hie,
1271 734 1355 796 quae
1387 714 1574 779 coniecturis

297 823 467 884 hominum
491 821 660 885 doctorum
685 823 853 888 debentur:
879 821 1018 885 alterum
1053 826 1101 884 est
1135 821 1273 899 Bentlei,
1310 825 1366 903 qui
1399 827 1487 886 recte
1515 839 1573 902 pro

299 929 368 1007 μήτ’
392 929 428 993 ἐν
450 935 489 1012 γῇ
516 929 674 1022 codicum,
697 931 940 1012 praepositione
957 929 1083 1006 deleta,
1107 931 1252 1011 reposuit
1285 931 1319 996 id
1352 930 1440 1012 quod
1474 934 1574 991 metro

298 1036 471 1119 flagitatur.
500 1033 595 1116 Quod
618 1056 696 1100 vero
721 1036 903 1099 Brunckius
927 1035 999 1114 μηδ’
1025 1036 1060 1100 ἐν
1084 1041 1172 1118 βυθῷ
1196 1037 1294 1102 scribi
1316 1038 1406 1101 iussit
1431 1055 1491 1119 pro
1507 1032 1574 1113 μήτ’

299 1145 334 1208 ἐν
359 1148 397 1222 β.,
423 1162 507 1224 quae
532 1150 579 1208 est
603 1145 751 1208 codicum
774 1145 883 1222 lectio,
908 1143 1027 1206 collato
1064 1144 1128 1206 Av.
1155 1144 1218 1204 987
1255 1147 1305 1210 καὶ
1339 1146 1453 1224 φείδου
1481 1142 1576 1222 μηδὲν

299 1249 370 1327 μηδ’
395 1249 500 1314 αἰετοῦ
526 1251 560 1314 ἐν
579 1251 763 1333 νεφέλῃσιν,
789 1249 858 1328 μήτ’
882 1249 923 1325 ἢν
945 1249 1088 1326 Λάμπων
1112 1248 1130 1329 ᾗ
1156 1243 1224 1326 μήτ’
1250 1249 1290 1325 ἢν
1325 1247 1343 1312 ὁ
1380 1250 1477 1326 μέγας
1501 1245 1575 1308 Διο·

298 1357 419 1433 πείθῃς,
442 1357 506 1418 hoc
530 1356 601 1419 viro
627 1356 805 1419 clarissimo
828 1374 893 1418 non
918 1353 1084 1416 assentior.
1108 1353 1125 1390 *
1155 1349 1225 1415 Nec
1250 1353 1337 1416 enim
1359 1352 1418 1416 illa
1453 1357 1576 1414 correc-

298 1461 385 1522 tione
411 1460 590 1542 quidquam
615 1481 695 1544 opus
727 1481 795 1524 esse
830 1466 862 1524 ct
895 1480 955 1542 per
989 1479 1023 1523 ee
1056 1464 1148 1542 patet
1183 1465 1215 1521 et
1250 1479 1268 1524 e
1303 1459 1375 1523 loco
1411 1456 1575 1530 simillimo

298 1568 339 1631 A.
365 1569 428 1630 533
453 1569 499 1648 ὡς
522 1571 580 1648 χρὴ
608 1570 778 1646 Μεγαρέας
803 1570 878 1646 μήτε
902 1575 941 1652 γῇ
967 1567 1036 1648 μήτ’
1051 1569 1086 1632 ἐν
1099 1566 1203 1651 ἀγορᾷ
1216 1567 1286 1646 μήτ’
1310 1567 1344 1634 ἐν
1358 1561 1575 1647 θρλάττῃμήτ’

298 1674 333 1737 ἐν
357 1673 486 1757 οὐρανῷ
511 1675 616 1752 με’νειν
639 1675 716 1736 satis
738 1673 947 1756 intellegitur.
961 1671 1111 1744 ¹Accedit
1135 1672 1224 1754 quod
1246 1672 1369 1736 Avium
1391 1673 1459 1736 loci
1482 1671 1575 1754 longe

297 1781 364 1842 alia
387 1782 470 1844 ratio
496 1786 554 1844 est.
578 1781 617 1843 In
639 1786 748 1845 nostro
774 1783 860 1845 enim
882 1801 978 1845 versu
994 1779 1127 1843 triailia
1141 1781 1295 1862 aequalia
1310 1781 1452 1858 suncini
1469 1782 1576 1841 autem

221 1904 227 1913 '
298 1887 362 1951 duo
385 1889 568 1970 posteriora
590 1888 694 1970 priori
715 1889 763 1952 ita
785 1890 996 1966 subiciuntur,
1020 1894 1056 1951 ut
1080 1893 1184 1951 totum
1201 1887 1333 1974 (αἰετός)
1351 1887 1385 1950 ῖιι
1402 1891 1513 1971 partes
1530 1881 1577 1946 di-

297 1995 438 2063 vidatur:
462 2015 539 2060 nam
563 1996 723 2060 sententia
745 1996 827 2060 haec
854 2001 911 2062 est:
952 2015 1012 2075 ,nc
1048 1996 1178 2076 aquilae
1214 1994 1346 2077 quidem
1380 1996 1414 2059 in
1437 1992 1577 2058 nubibus

299 2101 478 2183 quidquam
499 2102 637 2183 parcito,
661 2104 693 2164 h.
719 2121 754 2168 e.,
773 2103 804 2166 ei
827 2104 906 2180 vati,
933 2105 989 2182 qui
1013 2102 1180 2164 oraculum
1205 2101 1244 2164 de
1280 2099 1391 2182 aquila
1420 2102 1579 2166 recitave-

297 2210 341 2270 rit
365 2209 410 2289 (ν.
434 2207 583 2290 Bergleri
605 2210 742 2293 notaio),
763 2210 836 2296 ¹sive
850 2208 999 2290 Lampon
1014 2208 1085 2286 erit,
1101 2208 1171 2273 sive
1187 2208 1390 2292 Diopithes“.
1406 2207 1453 2274 Oi.
1467 2205 1576 2271 schot:

298 2314 384 2393 μήτε,
410 2316 520 2393 φησὶν,
546 2316 603 2384 ἐὰν
627 2315 727 2394 αὐτὸς
750 2317 768 2401 ᾗ
794 2314 812 2378 δ
836 2315 987 2394 Λάμπων,
1013 2315 1127 2394 φείδου
1153 2315 1263 2393 αὐτοῦ,
1288 2316 1346 2380 ἐὰν
1374 2318 1424 2382 καὶ
1438 2316 1515 2397 λέγῃ
1535 2310 1579 2376 ὅτι

299 2421 345 2499 ng
368 2421 473 2499 αἰετὸς
497 2420 630 2506 γενήσῃ.

342 2545 382 2608 V.
408 2548 471 2610 426
498 2545 565 2630 (tr.)
590 2548 741 2611 rodro-
753 2545 942 2624 δεινόν,-εἰ
966 2545 1160 2636 μαχούμεθα.
1414 2619 1416 2622 ,
1495 2639 1499 2644 ¹

342 2652 405 2714 Αν.
433 2653 518 2716 1226
546 2651 1031 2744 δεινότατα--πεισύμεσθ’,-εἰ
1054 2657 1119 2717 τῷν
1132 2654 1189 2730 μὲν
1204 2650 1311 2716 ἄλλων
1327 2650 1474 2729 ἄρξομεν,
1492 2649 1579 2728 ὑμεῖς

298 2756 384 2823 δ’-
398 2759 646 2825 ἀκολαστανεῖτε
670 2761 818 2824 κούδέπω
840 2763 1018 2836 γνώσεσθε,
1042 2759 1100 2822 ubi
1123 2759 1242 2820 mirum
1266 2758 1300 2820 in
1322 2757 1458 2821 modum
1479 2755 1579 2840 pleri·

173 2918 176 2925 .
296 2885 362 2948 que
387 2865 538 2944 editores,
563 2863 723 2930 Cobetum
747 2867 860 2944 secuti,
885 2865 1022 2945 ἄρξομεν
1044 2884 1111 2947 pro
1129 2864 1278 2943 ἄρχομεν,
1304 2863 1392 2946 quod
1425 2866 1459 2930 in
1488 2861 1580 2926 libris

297 2974 426 3058 legitur,
451 2974 657 3056 scripserunt,
683 2993 882 3056 quamquam
905 2973 1006 3036 multo
1030 2972 1158 3036 facilius
1185 2971 1313 3035 librarii
1346 2991 1501 3054 praesens
1538 2967 1579 3034 ad

297 3083 468 3162 sequentia
491 3082 599 3144 futura
623 3081 932 3160 accommodassent,
958 3100 1056 3162 quam
1079 3081 1222 3142 futurum
1255 3080 1290 3140 in
1323 3099 1478 3161 praesens
1510 3098 1576 3144 mu·

298 3193 428 3252 tassent.
452 3189 503 3252 De
527 3189 688 3251 sententia
711 3185 788 3250 vide
811 3169 932 3250 Kockii
955 3192 1077 3250 notam.
1100 3188 1133 3225 *ss

346 3297 429 3358 1270
454 3297 560 3361 δεινὸν
574 3296 685 3361 -τὸν
709 3295 925 3373 κήρυκα-εἰ
949 3296 1106 3373 μηδέποτε
1129 3295 1295 3372 νοστήσει.

340 3400 381 3464 R.
408 3406 470 3466 255
494 3401 581 3486 (lyr.)
606 3402 769 3480 δεινότερα
794 3400 851 3484 (sc.
876 3401 1123 3484 πείσομαι),-εἰ
1147 3402 1414 3480 διαρραγήσομαι.

342 3505 401 3570 Εο.
425 3509 489 3572 644
514 3505 598 3594 (an.)
624 3509 649 3573 εἰ
675 3505 1168 3586 δὲ-Ἐπίκουρος-πάττπαν
1203 3529 1240 3586 με
1275 3511 1373 3585 καλεῖ,
1408 3507 1494 3571 τοῦτ’
1519 3505 1578 3582 ἤδη

298 3615 406 3680 δεινὸν
430 3615 577 3679 ἀκούσαι.
604 3615 653 3682 cf.
677 3636 708 3677 ν.
734 3618 810 3692 647,
834 3622 869 3678 ut
891 3615 1016 3694 videas,
1042 3634 1140 3695 quam
1174 3635 1313 3698 parvum
1347 3615 1389 3678 sit
1419 3612 1581 3678 interdum

298 3722 468 3786 discrimen
492 3723 577 3786 inter
602 3723 627 3786 εἰ
651 3742 725 3786 cum
746 3723 853 3784 futuro
878 3721 945 3786 ind.
971 3727 1002 3784 et
1026 3722 1051 3785 εἰ
1076 3741 1149 3784 cum
1173 3723 1330 3803 optativo.

343 3829 394 3894 Pl.
419 3832 484 3892 447
511 3829 694 3894 δεινότατον
719 3829 1099 3907 ἔργον-ἐργασόμεθα,
1123 3830 1181 3892 τὸν
1205 3830 1281 3893 θεὸν
1318 3828 1437 3907 ἔρημον
1473 3828 1579 3892 ἀπολι-

299 3934 415 4015 πόντες
440 3935 465 4000 εἰ
489 3936 692 4015 φευξούμεθα
715 3937 804 4013 τηνδὶ
828 3934 978 4016 δεδιότες,
1003 3937 1082 4014 μηδὲ
1117 3935 1364 4014 διαμαχούμεθα.
1399 3934 1450 3998 Ita
1480 3931 1581 4000 edidit

299 4044 467 4120 Velsenus,
490 4041 701 4107 Meinekeum
726 4048 758 4108 et
780 4043 967 4106 Dobraeum
998 4049 1134 4106 secutus.
1172 4040 1310 4107 Codices
1346 4043 1431 4106 enim
1462 4040 1582 4106 habent

352 4307 548 4363 *Ridiculum
569 4315 620 4372 eat,
637 4304 715 4373 quod
734 4305 894 4359 Brunckius
923 4320 958 4358 ex
991 4305 1091 4358 Arium
1110 4303 1175 4360 loco
1195 4303 1275 4358 illum
1303 4304 1438 4373 Equitum
1468 4315 1580 4358 versum

300 4399 426 4466 corrigit,
447 4397 613 4466 Blaydesius
633 4402 727 4449 autem
747 4410 810 4449 enm
830 4395 923 4463 ipsum
943 4394 1038 4449 locum
1057 4393 1256 4458 emendatione
1275 4401 1362 4462 egere
1380 4400 1486 4451 censet.

334 4486 365 4520 *²⁸
383 4487 474 4542 Miror
493 4485 710 4558 Bernhardium,
730 4501 792 4540 cum
812 4483 845 4539 de
866 4483 1001 4540 incisione
1021 4484 1170 4552 anapaesti
1190 4488 1295 4552 ageret,
1309 4481 1394 4538 huius
1410 4477 1582 4541 memorabi-

299 4575 335 4630 lis
355 4591 387 4630 ac
407 4577 548 4631 rarissimi
567 4574 716 4645 anapaesti
737 4589 893 4640 αρ-χομεν
911 4589 1023 4636 υ-υεις
1043 4573 1150 4626 nullom
1169 4573 1339 4627 mentionem
1362 4571 1473 4627 fecisse.
