3468 5390
851 412 1053 474 -110-

349 573 391 636 R.
418 575 457 634 13
482 573 640 636 τί-ἔδει
663 593 700 649 με
724 574 823 636 ταῦτα
845 573 885 636 τὰ
909 570 1008 648 σκεύη
1044 572 1165 648 φέρειν,
1202 570 1290 648 εἴπερ
1326 570 1453 647 ποιήσοι
1483 567 1577 644 μηδέν

308 680 355 758 „si
377 679 459 742 mihi
482 681 590 744 facere
614 698 679 741 non
703 678 813 742 licet“.
840 680 902 740 176
928 676 954 742 εἰ
978 679 1018 755 μὴ
1043 677 1237 755 καταθήσεις
1271 676 1330 740 δύο
1365 675 1512 755 δραχμάς,
1536 675 1575 750 μὴ
1697 686 1702 695 ·

305 786 454 860 διαλέγου
481 785 527 862 ,οἱ
549 803 614 848 non
637 785 688 846 vis
713 782 908 866 deponere“.
936 783 1022 846 1460
1047 782 1320 860 εὕρισκε,-εἴτερ
1344 781 1497 847 ἀναδύσει
1522 779 1576 844 ιτά·
1703 824 1704 839 2

305 895 352 955 λιν
379 893 426 968 „si
449 891 582 972 quidem
606 909 773 973 emergere
794 892 878 966 vis“‚
903 907 1001 970 quem
1022 889 1128 952 locum
1160 888 1328 966 Velsonus,
1347 887 1475 952 Kockio
1491 887 1580 948 obse-

304 1003 408 1074 cutus,
431 1018 491 1080 pro
515 999 626 1080 spurio
645 998 755 1064 habet.
802 1027 805 1036 τ

349 1105 406 1168 Ee.
434 1109 496 1168 471
524 1106 550 1170 εἰ
573 1110 609 1188 τῇ
635 1105 725 1170 πόλει
747 1107 844 1170 τοῦτο
868 1104 1017 1180 ξυνοίσει,
1041 1106 1140 1168 ταῦτα
1169 1105 1227 1181 χρὴ
1252 1103 1344 1168 πάντ’
1370 1101 1470 1178 ἄνδρα
1493 1101 1578 1174 δρᾶν.

304 1212 369 1272 568
394 1211 513 1288 μεγάλα
536 1212 575 1288 γ’,
601 1211 627 1275 εἰ
650 1213 690 1289 μὴ
716 1210 870 1288 ψεύσεται
897 1229 1036 1292 „magna
1057 1208 1233 1292 pollicetur
1249 1209 1317 1291 (vel
1332 1210 1449 1292 potius:
1465 1221 1579 1285 magna

304 1324 378 1382 sunt
400 1319 482 1380 haec
507 1318 663 1399 quideml:
687 1316 785 1380 modo
809 1335 851 1380 ne
873 1317 999 1380 fallat“.

347 1425 398 1488 Pl.
424 1427 487 1488 556
510 1425 592 1508 (an.)
618 1426 664 1503 ὡς
687 1424 987 1504 μακαρίτην-τὸν
1012 1425 1081 1504 βίον
1105 1424 1205 1488 αὐτοῦ
1230 1424 1408 1504 κατέλεξας,
1437 1421 1463 1488 εἰ
1474 1435 1579 1480 ...m-

303 1533 444 1610 ταλείψει
468 1535 546 1610 μηδὲ
570 1535 720 1610 ταφῆναι.

350 1639 414 1700 878
438 1635 802 1715 πολλοῦ-ἄξιος-ὁ
827 1637 902 1715 θεός
927 1637 1025 1712 ἐστιν,
1062 1625 1088 1701 εἰ
1114 1638 1192 1715 τοὺς
1227 1639 1437 1718 συκοφάντας
1473 1631 1578 1702 ὲξολεῑ,

304 1746 362 1808 ubi
384 1745 542 1808 Velsenus
567 1743 585 1806 ὁ
610 1745 684 1822 θεός
708 1745 797 1809 ἐστιν
821 1742 910 1807 dedit
931 1762 991 1826 pro
1016 1743 1150 1828 vulgato
1177 1742 1195 1806 ὁ
1220 1744 1294 1822 θεὸς
1318 1743 1424 1814 οὗτος
1454 1738 1580 1805 Plutum

305 1850 391 1913 enim
415 1870 480 1914 non
503 1870 523 1913 a
546 1851 768 1928 sectatoribus,
794 1852 815 1912 i.
841 1871 868 1913 e.
887 1851 928 1913 ab
940 1851 1127 1913 hominibus
1139 1851 1232 1912 iustis
1246 1850 1342 1929 (haec
1359 1854 1469 1912 autem
1484 1843 1583 1908 verba

307 1957 426 2036 „Iusti“
454 1955 551 2037 sunt),
587 1956 644 2019 sed
668 1958 709 2022 ab
734 1957 931 2020 adversariis
966 1956 1043 2019 solis
1076 1958 1140 2039 ipsi
1175 1959 1436 2023 succensentibus
1465 1948 1581 2015 vocari:

303 2064 322 2128 ὁ
347 2066 423 2142 θεὸς
447 2063 554 2142 οὗτος.
577 2063 616 2126 In
640 2063 807 2127 codicibus
831 2069 1004 2145 utrumque
1027 2063 1146 2146 legitur
1168 2065 1226 2126 ita:
1250 2063 1346 2128 RAU
1368 2065 1388 2129 ὁ
1413 2065 1489 2140 θεὸς
1512 2053 1578 2124 ἔσθ’

304 2172 418 2236 οὑτοσί
439 2170 484 2251 (U
508 2169 618 2250 οὗτος)
643 2171 678 2248 εἰ,
703 2170 789 2233 solus
812 2170 842 2230 V
865 2169 885 2233 ὁ
909 2171 985 2247 θεὸς
1009 2171 1079 2236 ἔσθ’
1106 2171 1155 2236 ὅτι
1171 2172 1312 2236 exhibet.
1328 2172 1458 2236 Velseni
1474 2163 1582 2230 lectio·
1709 2249 1710 2252 Ἴ

303 2297 379 2342 nem
401 2277 610 2360 reprehendit
632 2278 846 2360 Bambergius
872 2279 956 2339 1885
981 2297 1013 2360 p.
1043 2281 1093 2356 14,
1123 2280 1179 2360 qui
1203 2281 1339 2343 contulit
1361 2302 1392 2342 ν.
1419 2279 1495 2354 452,
1529 2271 1582 2334 ubi

303 2387 383 2448 item
406 2384 521 2447 Plutus
545 2385 586 2446 ab
612 2389 772 2447 sectatore
796 2380 971 2464 Chrcmylo
995 2382 1013 2446 ὁ
1038 2387 1113 2462 Θεὸς
1137 2383 1234 2462 οὗτος
1257 2391 1404 2450 vocatur.
1436 2384 1585 2468 „utnon

304 2491 423 2569 dicam,
447 2491 562 2573 inquit,
585 2491 646 2552 hos
670 2489 751 2553 duos
773 2510 886 2552 versus
909 2491 994 2552 inter
1017 2510 1050 2553 se
1075 2492 1168 2570 tueri,
1204 2491 1271 2554 illic
1306 2494 1349 2572 (v.
1386 2494 1468 2573 452)
1502 2488 1584 2549 huno

303 2599 506 2681 potissimum
531 2597 627 2660 deum
650 2602 768 2660 natura
794 2598 963 2661 inimicum
996 2601 1185 2681 paupertati
1218 2602 1377 2666 victorem
1413 2613 1584 2665 evasurum

303 2724 373 2768 esse
398 2704 495 2781 οὗτος
516 2705 709 2786 pronomine
734 2705 862 2768 adiecto
886 2707 1011 2768 maiore
1034 2707 1071 2768 vi
1094 2707 1309 2786 contenditur,
1343 2710 1398 2772 hic
1433 2709 1478 2792 (v.
1508 2693 1586 2784 878)

304 2811 348 2874 ad
370 2813 578 2894 gravitatem,
601 2832 642 2874 ne
667 2811 774 2874 dicam
798 2814 1002 2876 maiestatem
1025 2815 1211 2891 verborum,
1237 2817 1354 2896 quibus
1370 2819 1468 2880 homo
1488 2813 1586 2876 iustus

304 2920 416 2996 utitur,
441 2919 518 2982 satis
543 2925 618 3000 apte
641 2938 821 3000 pronomen
846 2919 994 2982 additum
1018 2925 1075 2999 est,
1100 2920 1187 3002 quod
1216 2923 1277 2984 nisi
1301 2942 1374 2986 cum
1399 2919 1585 3000 contemptu

305 3026 372 3089 dici
393 3046 459 3088 non
480 3046 575 3108 posse
598 3045 693 3089 nemo
718 3029 856 3090 evincet.
879 3026 929 3090 Ac
954 3028 1074 3110 copula
1100 3026 1208 3092 deleta
1241 3030 1295 3091 hic
1330 3035 1415 3094 totus
1450 3032 1584 3093 locus...

303 3133 354 3194 his
378 3132 456 3194 satis
479 3132 594 3194 similis
618 3137 675 3194 est:
699 3132 738 3195 E.
764 3133 838 3195 609.
864 3131 927 3195 Αιι.
955 3134 1050 3195 1269.
1074 3133 1115 3196 A.
1141 3135 1215 3195 315.
1252 3133 1292 3196 V.
1326 3138 1402 3199 426.
1437 3136 1474 3199 L.
1513 3127 1584 3193 779·

303 3238 353 3300 Pl.
380 3239 454 3314 329,
480 3240 596 3318 quibus
621 3240 795 3302 enuntiatis
820 3241 968 3304 omnibus
984 3240 1077 3303 vides
1093 3242 1244 3324 copulam
1260 3242 1381 3307 deesse.
1407 3243 1585 3326 Quaecum

303 3347 351 3407 ita
374 3347 446 3422 sint,
472 3348 571 3408 etiam
594 3346 645 3408 his
670 3346 795 3409 duobus
819 3344 899 3411 locis
924 3347 967 3428 (v.
992 3350 1057 3409 452
1074 3355 1105 3410 et
1122 3351 1199 3433 878)
1217 3349 1387 3450 venetum,
1411 3372 1475 3415 non
1492 3337 1584 3412 RAU

302 3470 455 3534 peccasse
478 3452 727 3516 iudicabimus“.
759 3453 864 3516 Recte
899 3455 954 3517 ille
991 3455 1131 3536 quidem,
1167 3458 1224 3521 sed
1259 3459 1411 3521 oblivisci
1446 3457 1593 3538 videtur„

303 3557 436 3620 Velseni
458 3559 631 3622 lectionem
654 3582 720 3623 non
743 3563 847 3643 magis
873 3563 1002 3638 Veneti,
1028 3582 1126 3643 quam
1149 3565 1279 3627 illorum
1313 3566 1409 3629 RAU
1438 3565 1584 3630 codicum

303 3666 465 3747 scriptura
488 3666 557 3742 niti3
583 3669 638 3745 qui
664 3688 736 3731 cum
760 3674 934 3751 utrumque
964 3673 1100 3734 verbum
1134 3671 1318 3751 exhibeant,
1353 3673 1494 3736 liberum
1530 3667 1584 3734 cst,

304 3778 413 3836 utrum
436 3772 527 3848 velis,
553 3792 695 3848 seruare
720 3781 752 3838 et
775 3775 872 3854 οὗτος
896 3777 998 3840 nihilo
1022 3779 1129 3840 miuus
1153 3798 1251 3859 quam
1268 3782 1353 3846 ἐστίν
1371 3778 1584 3863 aposteriore

303 3881 437 3946 librario
460 3879 514 3942 vel
538 3880 660 3944 lectore
685 3881 762 3944 addi
785 3885 902 3964 potuit,
940 3885 1056 3966 Itaque
1089 3890 1260 3966 utramque
1284 3887 1457 3950 lectionem
1482 3895 1585 3962 aeque

304 3992 424 4055 bonam
449 4006 517 4051 esse
542 3986 693 4069 equidem
719 4009 843 4054 consec.

351 4097 413 4160 923
438 4097 614 4176 προβατίου
639 4099 709 4176 βίον
732 4101 843 4177 λέγεις,
868 4101 894 4165 εἰ
918 4102 958 4178 μὴ
983 4104 1130 4179 φανεῖται
1155 4103 1296 4180 διατριβή
1320 4124 1365 4181 τις
1388 4110 1433 4188 τῷ
1460 4107 1529 4186 βίῳ.

348 4251 475 4317 Eodem
498 4253 702 4334 potissimum
725 4255 761 4316 hi
785 4255 848 4320 duo
873 4254 937 4318 loci
961 4257 1122 4321 referendi
1146 4258 1308 4322 videntur:

349 4363 412 4424 Ar.
439 4365 502 4424 549
529 4360 609 4444 (an.)
634 4365 691 4438 Ζῆν
715 4364 775 4426 οὐκ
800 4364 888 4430 ἄξιον
911 4365 996 4442 ἡμῖν,
1031 4365 1056 4429 εἰ
1080 4367 1121 4444 μὴ
1146 4366 1515 4448 κομιούμεθα-τὴν-
1530 4368 1583 4442 βα·

306 4470 436 4545 σιλείαν,
466 4469 493 4529 si
516 4469 564 4529 ita
587 4467 822 4549 intellegamus:
860 4473 947 4549 „sine
981 4492 1038 4554 spe
1070 4475 1162 4554 regni
1196 4475 1443 4555 recuperandi“.
1480 4473 1585 4538 Aliter

304 4570 346 4634 N.
372 4575 456 4635 1074
480 4575 507 4638 τί
532 4590 586 4638 σοι
609 4579 667 4653 Ζῆν
690 4573 788 4654 ἄξιον,
812 4577 938 4642 τούτων
962 4579 1019 4643 ἐὰν
1043 4585 1211 4661 στερηθῇς
